3218 5640
196 1169 235 1220 Os
244 1169 323 1219 Stoke

195 1237 273 1300 lacy.

365 760 429 826 288
654 776 905 828 clarummane
927 777 1141 828 normann

492 1011 789 1081 DCCCLXXXII.
814 1015 906 1081 aloa-e
929 1016 1022 1102 Laop
1044 1038 1148 1103 anper
1169 1015 1288 1084 asaiae

400 1153 505 1207 Aaaiaa
522 1154 602 1207 venit
620 1155 808 1224 recognitum
826 1155 893 1224 qnia
911 1154 1070 1209 advocatas
1097 1142 1230 1227 tempore
1246 1155 1328 1228 pacis
1346 1172 1422 1228 prae·

365 1237 492 1290 sontavit
509 1237 643 1292 nltimam
672 1256 837 1309 personam,
858 1256 924 1308 qnae
943 1246 1132 1303 mortuaest,
1151 1239 1365 1294 adecolesiam
1385 1239 1422 1294 de

365 1321 453 1374 Stoko
479 1321 567 1390 Lacy.
596 1340 661 1392 qum
691 1328 786 1385 vacat,
818 1332 852 1376 nt
882 1323 1000 1387 dicitur,
1030 1330 1061 1378 et
1085 1324 1169 1394 cujus
1200 1323 1423 1378 advocationem

364 1405 453 1459 abbas
473 1404 572 1460 Sancti
592 1406 673 1458 Petri
694 1405 904 1460 Glouoestriae¹
921 1406 1030 1461 elamat
1047 1425 1151 1463 versus
1170 1407 1357 1463 Willelmnm
1385 1408 1422 1464 de

364 1489 506 1559 Ebroyeis
532 1497 562 1544 ot
592 1490 755 1543 Honricum
786 1489 822 1543 de
850 1490 934 1544 Bello
961 1491 1053 1561 Fago.
1092 1492 1130 1545 Et
1156 1490 1234 1546 unde
1261 1492 1422 1563 praedictus

364 1573 453 1627 abbas
472 1573 545 1628 dicit
571 1573 649 1644 qnod
676 1573 795 1643 quidem
822 1574 980 1639 Hemone,
1001 1576 1148 1646 quondam
1167 1576 1259 1631 abbas
1278 1575 1422 1632 Gloueea·

363 1659 439 1720 triae,
459 1657 657 1728 praedeeessor
675 1657 768 1728 ipsine
796 1658 920 1722 abbatis,
941 1667 1072 1731 tempore
1100 1659 1210 1714 domini
1230 1661 1313 1731 regis
1327 1679 1420 1724 nuno,

364 1742 552 1812 praesentavit
578 1741 725 1811 quendam
753 1741 907 1812 AEgidinm
928 1743 1068 1798 olerionm
1089 1762 1185 1809 auum,
1207 1745 1260 1815 qui
1289 1743 1328 1799 ad
1346 1763 1422 1816 prae·

364 1825 555 1880 sortitionem
583 1843 665 1879 auam
692 1826 729 1879 ad
754 1825 875 1879 eandem
896 1827 952 1880 fuit
977 1827 1134 1891 admissam,
1154 1828 1185 1881 in
1211 1827 1316 1882 eodem
1336 1829 1421 1884 insti·

362 1915 454 1971 intua,
475 1916 505 1963 ot
534 1908 639 1964 ultimo
667 1910 740 1964 obiit
767 1927 891 1980 persona
917 1911 948 1964 in
976 1911 1087 1966 eadem.
1125 1912 1164 1967 Et
1190 1911 1362 1967 willelmus
1391 1920 1422 1969 et

363 1993 510 2047 Henrioua
540 2011 597 2046 non
628 1994 757 2048 veniunt.
807 1994 846 2048 Et
876 1995 1043 2049 Willelmus
1074 1995 1148 2050 alias
1179 1995 1251 2050 fecit
1281 1995 1419 2061 defaltas,

363 2078 505 2133 sciliceta
517 2077 564 2132 die
578 2078 698 2131 Paschae
717 2079 748 2131 in
766 2096 857 2132 unum
876 2097 1016 2143 mensem,
1037 2086 1193 2150 postquem
1216 2080 1322 2136 habult
1340 2080 1419 2136 diem

363 2180 415 2233 per
434 2161 581 2215 essoninm
600 2179 687 2216 enum
706 2162 784 2233 apud
803 2162 1027 2228 Glouoestriam‚
1042 2165 1084 2218 ita
1102 2162 1180 2235 qnod
1197 2171 1268 2218 tune
1287 2165 1421 2221 conside-

363 2253 461 2301 ratum
480 2246 537 2300 suit
557 2245 635 2315 quod
653 2246 747 2300 assisa
765 2254 920 2318 caperetur
938 2265 1044 2303 verena
1062 2266 1129 2301 eum
1147 2266 1201 2319 pro
1220 2247 1341 2303 defalta.
1381 2251 1421 2306 Et

364 2330 523 2401 praedictus
555 2329 702 2383 Honrions
733 2330 805 2384 alias
841 2349 872 2384 so
904 2332 1065 2386 essoniavit
1094 2330 1130 2385 de
1160 2332 1239 2386 melo
1269 2334 1420 2398 veniendi,

365 2414 480 2468 seilicet
498 2432 515 2468 a
533 2414 581 2467 dio
600 2413 721 2468 Paschae
740 2415 770 2467 in
784 2415 951 2484 quindecim
970 2414 1032 2470 dies
1051 2416 1130 2488 apud
1149 2414 1377 2482 Glouoestriam,
1391 2425 1420 2472 et

364 2505 432 2553 tuno
451 2499 555 2553 habuit
573 2498 650 2552 diem
664 2517 716 2569 per
729 2500 878 2553 ossonium
890 2519 978 2555 suum
996 2519 1014 2554 o
1032 2500 1080 2554 die
1098 2501 1219 2555 Paschae
1239 2500 1269 2554 in
1289 2519 1341 2556 sex
1354 2520 1419 2574 sep·

363 2583 494 2637 timonis,
533 2582 606 2636 Ideo
625 2581 842 2638 consideratum
860 2590 905 2639 est
924 2584 1002 2657 qnod
1021 2585 1115 2640 assisa
1133 2594 1289 2656 caperetur
1314 2603 1420 2644 verane

363 2685 429 2721 oum
449 2685 502 2738 per
520 2666 668 2731 desaltent,
689 2674 743 2722 etc.

572 2885 887 2953 DCCOLXXXIII.
911 2887 1043 2953 duroto
1065 2885 1106 2951 do
1129 2885 1249 2952 eodem.

398 3034 495 3089 durati
517 3034 618 3089 dieunt
645 3034 722 3105 quod
751 3034 909 3106 praedictus
937 3036 1096 3100 Henrions‚
1116 3035 1318 3107 praedecessor
1343 3055 1418 3109 prae-

363 3117 433 3173 dicti
452 3119 575 3183 abbatia,
596 3119 785 3190 praesentavit
802 3119 976 3191 praedietum
994 3120 1149 3191 AEgidinm
1167 3120 1310 3176 elerioum
1330 3140 1417 3177 suum

362 3203 399 3257 ed
416 3203 587 3275 praedictam
607 3204 771 3266 ecclesiam,
792 3205 843 3275 qui
861 3204 966 3258 ultimo
985 3204 1059 3257 obiit
1085 3220 1210 3274 persona
1229 3204 1259 3258 in
1278 3205 1383 3261 eadem
1400 3224 1418 3261 a

360 3306 431 3342 vero
461 3294 582 3359 patrono
612 3295 815 3359 praesentatus.
854 3288 893 3342 Et
923 3287 988 3342 ideo
1019 3287 1236 3343 consideratum
1263 3297 1312 3344 est
1338 3290 1416 3362 qnod

360 3372 518 3442 praedictus
537 3371 626 3426 abbas
645 3378 800 3442 recuperet
817 3372 1072 3443 praesentationem
1085 3389 1169 3426 suem
1187 3371 1224 3426 ad
1242 3373 1415 3443 praedictam

361 3456 526 3511 aeclesiam.
573 3456 613 3511 Et
642 3455 749 3511 habeat
774 3457 862 3510 breve
897 3455 933 3510 ad
964 3456 1133 3527 episcopum
1164 3455 1415 3513 Herelordensem

360 3541 439 3612 quod
469 3540 506 3594 ed
536 3540 789 3611 praesentationem
816 3557 909 3603 auam,
941 3546 1008 3603 eto,
1040 3538 1077 3593 ad
1107 3538 1228 3594 eandem
1259 3541 1415 3597 eeclesiam

360 3626 493 3680 idoneam
523 3641 677 3695 personam
709 3623 854 3690 admittat,
886 3630 917 3679 ot
947 3623 1116 3679 willelmus
1146 3630 1177 3680 et
1205 3623 1357 3682 Henrioue
1384 3627 1414 3684 ia

360 3708 569 3766 misericordia.

621 3913 927 3983 DCOOLXXXIV.
949 3913 1000 3978 De
1023 3913 1142 3979 eedem.

395 4053 479 4108 Idem
498 4053 587 4108 abbas
605 4052 713 4108 obtulit
738 4069 769 4107 se
795 4057 900 4121 quarto
918 4049 965 4103 die
984 4067 1089 4104 versus
1107 4048 1284 4119 praedictum
1304 4049 1412 4104 Henri·

261 4157 266 4168 ·
359 4157 425 4194 oum
445 4137 481 4192 de
500 4138 609 4209 placito
633 4136 712 4206 quod
736 4134 889 4205 permittat
917 4133 1015 4204 ipsum
1043 4133 1206 4187 Hemionm
1233 4139 1413 4205 praesentare

359 4225 492 4279 idoneam
511 4237 667 4294 personam
685 4219 723 4274 od
741 4219 895 4273 eeclesiam
913 4217 949 4271 de
970 4217 1059 4272 Stoke
1072 4217 1166 4303 laoy,
1187 4235 1254 4287 quae
1273 4226 1370 4283 vacat,
1384 4225 1414 4273 et

359 4305 396 4359 ad
426 4321 509 4358 suam
536 4306 648 4371 spectet
672 4302 936 4374 praeeentntionem,
964 4301 1158 4364 donationem,
1179 4306 1234 4356 ete.
1274 4302 1315 4357 Et
1333 4303 1412 4357 Hen-

359 4391 437 4444 riona
465 4405 522 4442 non
539 4386 621 4440 venit
639 4393 669 4441 et
687 4387 744 4441 suit
771 4403 905 4456 querens.
956 4384 1028 4440 Inde
1055 4385 1214 4456 praedictus
1239 4385 1331 4441 abbae
1350 4386 1413 4441 eine

359 4475 415 4539 die,
437 4481 466 4529 et
485 4472 633 4527 Hearioua
653 4478 683 4524 et
700 4470 792 4542 plegii
812 4470 858 4523 sni
877 4469 912 4523 de
925 4468 1127 4540 prosequendo
1145 4469 1177 4523 in
1194 4469 1410 4534 misericordia,

359 4560 473 4615 acilioot
490 4556 638 4613 Amaldue
656 4555 759 4626 Knyth
778 4559 807 4608 et
818 4555 952 4624 Rogeme
971 4554 1160 4626 Praepositae,
1181 4560 1237 4610 ete.

757 4674 916 4680 .-.-—.-..-
965 4675 1053 4680 v-....—..
1152 4675 1247 4683 *-
1259 4677 1268 4680 -
1278 4677 1287 4681 -
1300 4675 1325 4682 -v

625 4735 631 4766 ¹
654 4732 826 4800 Gloueestrioe]
846 4733 938 4782 Added
950 4730 976 4782 in
988 4731 1032 4781 tlte
1043 4732 1152 4796 margin.
