3218 5640
361 773 426 837 190
648 784 900 835 ciarumsrnu
921 785 1134 836 uosssrnau

362 959 515 1017 dimidiam
535 960 681 1031 virgatam
693 967 779 1016 terrae
798 963 961 1033 pertinente
977 963 1007 1017 in
1019 962 1259 1028 Machelemede;
1282 963 1422 1020 tenendis

360 1046 398 1101 de
424 1063 472 1099 me
503 1049 533 1098 et
550 1044 715 1100 haeredibus
733 1046 807 1101 meis
833 1047 889 1101 sibi
917 1053 948 1102 et
974 1046 1142 1102 haeredibus
1168 1048 1231 1102 suis
1257 1064 1331 1117 quos
1349 1066 1420 1104 oon·

361 1129 485 1185 stituere
503 1128 631 1183 voluerit
647 1128 679 1183 in
695 1136 879 1201 perpetuum,
899 1130 993 1186 libere
1020 1136 1050 1185 et
1076 1131 1177 1201 quiete
1197 1138 1227 1186 et
1244 1131 1417 1198 honorifice,

361 1217 392 1271 in
409 1214 512 1285 pratis,
532 1219 562 1268 et
579 1215 706 1284 pascuis,
726 1220 756 1269 et
773 1216 908 1271 omnibus
927 1216 995 1272 aliis
1013 1217 1213 1272 libertatibus.

397 1297 556 1353 Reddendo
574 1298 700 1369 singulis
727 1300 820 1363 annis,
840 1300 912 1354 mihi
931 1301 979 1355 vel
997 1300 1164 1355 haeredibus
1184 1300 1268 1364 meis,
1289 1299 1341 1355 ille
1367 1301 1419 1356 rel

360 1381 492 1436 haeredes
511 1381 566 1443 sni,
586 1387 646 1436 tres
666 1381 774 1437 solidos
801 1382 838 1437 ad
865 1384 973 1437 festum
994 1383 1094 1439 Sancti
1114 1384 1272 1449 Kenelmi;
1301 1383 1420 1441 scilicet

361 1464 409 1520 die
429 1465 529 1519 Sancti
541 1464 715 1529 Endwardi)
728 1483 782 1536 pro
794 1467 872 1520 omni
893 1467 1013 1522 servitio
1032 1473 1062 1522 et
1080 1467 1294 1523 consuetudine
1313 1467 1351 1521 ad
1368 1485 1418 1523 me

360 1549 409 1604 rel
427 1548 464 1603 ad
482 1565 562 1603 meos
586 1549 757 1620 pertinente.
796 1550 835 1605 Et
851 1567 905 1621 pro
923 1550 1077 1611 donatione
1096 1551 1190 1622 patris
1208 1552 1267 1606 mei
1295 1557 1326 1606 et
1349 1567 1420 1607 mea

361 1633 577 1689 confirmatione
613 1632 694 1688 dedit
728 1633 802 1688 mihi
837 1633 996 1706 pradictus
1027 1635 1153 1690 Thomas
1190 1628 1263 1691 dnae
1300 1652 1417 1692 marcas

362 1718 487 1788 argenti.

398 1803 438 1857 Et
466 1807 502 1856 ut
523 1801 579 1857 hoc
603 1807 700 1857 ratum
731 1807 760 1858 et
786 1803 993 1859 inconcussum
1018 1809 1199 1874 permaneat,
1231 1803 1326 1874 sigilli
1355 1803 1419 1859 mei

363 1885 555 1956 impressione
574 1884 751 1941 confirmavi.
787 1887 857 1942 Hiis
874 1888 1009 1943 testibus.

654 2184 869 2252 DOOXLIV.
896 2182 1119 2272 Aldesworpe.

401 2363 521 2421 Sciant²
537 2370 697 2436 praesentes
716 2369 745 2418 et
770 2365 872 2427 futuri,
893 2364 970 2434 quod
989 2381 1045 2434 ego
1063 2363 1222 2426 Johannes,
1243 2361 1299 2416 Dei
1318 2361 1421 2433 gratia

364 2449 453 2505 abbas
480 2449 579 2504 Sancti
606 2449 688 2502 Petri
716 2447 915 2510 Gloucestrias‚
945 2453 975 2502 et
1005 2447 1138 2518 ejusdem
1160 2446 1219 2501 loci
1242 2451 1417 2510 conventus,

363 2533 560 2588 concessimus
588 2538 618 2587 et
635 2530 811 2587 tradidimus
830 2531 959 2586 Henrico
985 2532 1046 2586 filio
1067 2531 1210 2586 Johannis
1229 2529 1352 2602 Eynoch
1378 2528 1420 2584 de

362 2616 561 2688 Aldesworpe,
587 2615 670 2668 illam
694 2615 841 2684 virgatam
862 2621 950 2669 terrea
975 2633 1043 2670 cnm
1068 2614 1202 2669 omnibus
1227 2612 1418 2685 pertinentiis

363 2699 425 2754 suis
445 2715 532 2769 quam
555 2698 713 2768 praedictus
733 2698 881 2753 Johannes
908 2704 991 2769 pater
1009 2699 1072 2769 ejus
1100 2698 1136 2752 de
1162 2697 1246 2752 nobis
1264 2697 1362 2752 tenuit
1384 2696 1420 2751 in

361 2783 463 2838 eadem
480 2782 553 2836 villa
570 2781 606 2835 de
624 2782 827 2856 Aldesworp03
847 2782 1000 2837 tenendam
1019 2788 1049 2837 et
1065 2781 1228 2836 habendam
1255 2779 1291 2834 de
1318 2779 1421 2845 nobis,

359 2865 453 2918 libere
472 2871 501 2918 et
518 2864 627 2934 quiete,
646 2865 683 2919 ad
700 2866 793 2921 vitam
811 2883 905 2930 snam,
926 2872 956 2920 et
982 2865 1021 2920 ad
1037 2867 1129 2920 vitam
1156 2865 1243 2918 unius
1262 2863 1349 2934 pueri
1367 2863 1419 2919 sni

361 2964 449 3019 quem
467 2948 602 3018 genuerit
628 2948 665 3002 de
690 2949 786 3019 prima
812 2967 902 3004 uxore
929 2967 984 3005 sna
1008 2949 1114 3020 copula
1140 2947 1352 3003 matrimoniali
1386 2947 1417 3002 ai

360 3030 506 3101 adjuncta.

395 3114 554 3170 Reddendo
580 3115 648 3169 inde
675 3117 824 3171 annuatim
849 3117 933 3171 nobis
961 3114 1117 3171 duodecim
1148 3116 1258 3171 solidos
1283 3114 1323 3170 ad
1339 3114 1420 3171 dnos

360 3199 519 3264 terminos;
545 3199 685 3255 videlicet
709 3201 747 3256 ad
772 3201 882 3256 festum
902 3200 1001 3255 Sancti
1020 3201 1184 3266 Michaelis,
1213 3217 1264 3256 sex
1291 3198 1417 3264 solidos,

359 3289 391 3338 et
407 3282 446 3337 ad
462 3282 726 3339 Annunciationem
738 3285 837 3340 Beata
849 3283 960 3348 Mariae,
984 3303 1033 3338 sex
1051 3285 1171 3349 solidos,
1192 3302 1245 3355 pro
1274 3282 1416 3339 omnibns

360 3366 500 3428 servitiu,
521 3368 729 3433 exactionibus,
751 3374 781 3423 et
792 3367 954 3431 demendis,
969 3367 1007 3422 ad
1018 3386 1070 3423 nos
1089 3368 1202 3423 ratione
1221 3367 1308 3422 dictae
1326 3373 1420 3423 terrm

359 3450 591 3522 pertinentibus:
622 3451 703 3506 salva
722 3459 802 3507 secta
819 3453 908 3506 cnrioe
926 3457 1034 3506 nostras
1070 3451 1106 3506 de
1124 3451 1326 3524 Aldesworpe,
1346 3468 1419 3506 cnm

359 3534 426 3588 aliis
452 3533 544 3588 libere
569 3534 734 3589 tenentibus
760 3535 868 3590 nostris
896 3534 1028 3605 ejusdem
1054 3534 1132 3589 villae
1158 3534 1242 3589 nobis
1269 3533 1417 3589 facienda.

359 3617 433 3673 Post
449 3617 602 3673 decessum
620 3635 690 3672 vero
702 3619 848 3673 dictorum
861 3617 993 3683 Henrici,
1010 3624 1040 3673 et
1051 3618 1136 3689 pueri
1148 3617 1214 3688 ejus
1233 3618 1285 3688 qni
1304 3616 1419 3673 dictam

358 3707 470 3756 terram
499 3707 568 3772 post
604 3719 672 3756 enm
702 3702 848 3766 tenuerit;
880 3701 1021 3773 praedicta
1056 3708 1137 3756 terra
1172 3719 1240 3757 eum
1276 3701 1418 3757 omnibns

359 3785 553 3856 pertinentiis,
574 3790 604 3839 et
622 3802 689 3839 cum
707 3786 785 3839 omni
803 3785 1004 3840 melioratione
1024 3785 1218 3856 superposita,
1239 3784 1303 3838 sine
1315 3784 1422 3855 aliqua

358 3868 564 3922 reclamatione
572 3868 621 3922 vel
633 3868 859 3923 contradictione
872 3886 1002 3932 suornm,
1017 3869 1054 3924 ad
1066 3887 1118 3924 nos
1130 3869 1223 3922 libere
1235 3874 1417 3925 revertetur.

360 3949 445 4018 Quod
464 3951 490 4006 si
502 3952 661 4021 contigerit
681 3951 759 4021 qnod
777 3951 894 4015 mulier,
915 3969 1004 4021 qnam
1029 3952 1125 4007 dictus
1143 3951 1293 4007 Henricus
1318 3951 1420 4022 primo

359 4034 447 4089 ducet
464 4036 496 4089 in
515 4053 645 4099 uxorem,
668 4036 806 4090 maritum
824 4054 920 4100 snum,
947 4041 977 4090 et
997 4035 1170 4107 praedictum
1189 4053 1315 4107 puerum
1328 4055 1420 4092 sunm

360 4118 573 4190 supervixerit3
602 4119 754 4189 praelatam
779 4124 898 4182 terram,
920 4119 998 4173 sicut
1022 4118 1197 4188 pradictum
1215 4127 1270 4183 est,
1290 4119 1417 4185 tenebit,

359 4202 500 4271 quamdiu
519 4208 599 4256 casta
616 4201 819 4272 permanserit.
857 4201 942 4256 Idem
954 4219 1024 4256 vero
1037 4201 1185 4256 Henricus
1200 4202 1418 4272 juramentum,

360 4292 416 4340 etc.
453 4286 584 4340 Eandem
606 4286 794 4340 securitatem
813 4285 896 4339 nobis
910 4287 998 4340 faciet
1011 4285 1106 4340 dictus
1127 4304 1209 4357 puer,
1224 4304 1292 4340 cum
1304 4287 1420 4342 dictam

361 4377 495 4426 terrama
512 4369 595 4424 nobis
613 4368 766 4439 receperit.
805 4369 845 4423 Et
861 4375 923 4423 tam
941 4370 1004 4440 ipse
1022 4369 1180 4434 Henriens,
1201 4387 1289 4439 qnam
1318 4369 1421 4426 dictus

398 4646 508 4696 ¹Tbere
519 4661 621 4710 appears
632 4646 889 4696 tobesomeomis·¹
942 4645 996 4693 ’A
1023 4646 1155 4710 repetition
1184 4648 1215 4697 of
1238 4647 1286 4697 No.
1310 4645 1425 4701 xxm.

363 4727 419 4779 sion
429 4726 496 4776 bere.
884 4688 1049 4786 l(am,vol.
1061 4724 1077 4774 i.
1089 4740 1113 4789 p.
1128 4729 1197 4790 161),
