3218 5640
623 1070 870 1140 ccccxxxi
891 1071 941 1138 De
963 1071 1082 1138 codem

157 1241 247 1295 osa„
360 1225 514 1284 Universis
541 1225 654 1283 Christi
690 1227 826 1284 fidelibus
855 1246 985 1300 prmsens
1015 1228 1158 1299 seriptum
1187 1225 1298 1280 visuris
1327 1221 1376 1278 rei

324 1311 481 1378 audituris,
500 1311 778 1371 Henricns¹dictus
790 1314 963 1372 forestarius
981 1313 1018 1370 de
1036 1314 1230 1386 Msyesmore,
1250 1311 1376 1366 salutem

324 1397 357 1452 in
374 1396 510 1452 Domino.

359 1482 512 1538 Noveritis
538 1500 587 1539 me
613 1483 765 1540 remisisse
788 1491 820 1540 et
846 1485 980 1557 quietum
1009 1484 1163 1549 cismssse,
1190 1502 1245 1557 pro
1269 1501 1316 1537 me
1346 1497 1377 1536 es

323 1567 490 1624 haeredibus
508 1568 583 1624 meis
600 1568 632 1624 in
649 1579 833 1642 perpetuum,
852 1570 950 1626 sbbuti
969 1577 1000 1624 ct
1010 1569 1166 1625 conventui
1178 1568 1280 1624 Sancti
1295 1567 1378 1621 Petri

325 1651 528 1717 Gloucestriae,
554 1660 585 1710 et
608 1655 699 1710 etism
723 1654 822 1709 sbboti
849 1660 880 1709 et
906 1655 1061 1709 conventui
1090 1653 1191 1709 Sancti
1215 1651 1377 1723 Augustini

324 1737 361 1792 de
388 1737 550 1804 Bristoilis,
577 1747 672 1794 tomm
693 1739 745 1810 jus
772 1746 804 1794 et
826 1739 966 1794 clsmium
990 1739 1069 1811 quod
1092 1739 1183 1794 imbui
1203 1739 1251 1793 sel
1268 1737 1377 1793 habere

324 1823 407 1894 potui
433 1823 465 1878 in
491 1830 614 1896 pastura
638 1825 675 1878 de
702 1824 893 1895 Lougei-eche
917 1836 948 1880 et
968 1824 1005 1878 de
1023 1824 1207 1889 Foxcnmbe;
1233 1824 1276 1879 its
1299 1821 1378 1894 quod

323 1907 356 1962 in
383 1907 470 1962 dictis
500 1910 631 1979 pasturis
655 1909 731 1964 nihil
754 1909 833 1979 juris
859 1909 907 1964 sel
935 1909 1127 1980 possessionis
1153 1927 1257 1963 versus
1283 1907 1377 1962 dictos

323 1991 444 2047 sbbntcs
468 1999 498 2047 et
521 2000 681 2048 conventus
704 1992 753 2047 sel
778 2011 967 2065 quoscunque
991 1994 1065 2049 alios
1089 1993 1244 2048 vendicare
1267 1993 1377 2063 possim

324 2075 376 2132 in²
403 2084 589 2148 perpetuum.
625 2077 839 2136 Verumtamen
869 2092 1026 2150 postquam
1057 2080 1167 2133 soennm
1196 2078 1233 2131 de
1263 2078 1377 2147 Lange·

323 2162 411 2217 roche
429 2163 520 2218 suerit
537 2162 667 2219 levatum
692 2170 723 2218 et
746 2170 937 2235 asportatum,
960 2163 1062 2218 licebit
1085 2163 1158 2217 mihi
1183 2181 1251 2218 cum
1269 2161 1377 2216 averiis

323 2248 462 2320 propriis,
490 2249 608 2319 qusndo
624 2249 725 2304 emtori
749 2249 840 2304 vicini
864 2250 923 2303 mei
946 2250 978 2303 in
1001 2248 1080 2305 dictu
1103 2255 1225 2320 pastum
1248 2264 1378 2304 commu·

322 2332 423 2389 nicsnt
439 2340 471 2389 et
487 2333 639 2404 quamdiu,
659 2333 752 2390 libere
770 2334 996 2390 communicare.

358 2416 396 2474 Iu
413 2416 499 2490 cujus
517 2418 572 2483 rei,
592 2425 649 2476 etc.

616 2664 878 2736 CCCCXXXII.
901 2669 951 2736 Dc
973 2668 1093 2736 eodem.

362 2823 465 2880 Sciunt
481 2828 642 2896 presentes
660 2822 811 2890 etiamsi,
831 2822 910 2895 quod
928 2841 984 2895 ego
1004 2821 1174 2879 Henricus³
1193 2821 1318 2895 Umirsy
1336 2823 1374 2878 dc

225 2948 231 2960 .
326 2907 470 2965 Hnsselde
487 2906 590 2962 remisi
607 2913 639 2963 et
658 2906 793 2978 quietum
810 2906 936 2964 clumnvi
953 2908 985 2962 in
1003 2913 1189 2979 perpetuum,
1208 2926 1263 2978 pro
1280 2926 1327 2962 me
1346 2913 1377 2963 et

326 3010 380 3068 pro
397 2992 533 3049 omnibus
549 2991 716 3048 haeredibus
733 2982 818 3059 meis,
838 2992 936 3048 obbati
948 2999 980 3049 et
997 2993 1154 3048 conventui
1175 2991 1275 3048 Sancti
1293 2992 1377 3047 Petri

327 3078 529 3144 Glouccsirioe,
555 3083 652 3154 totum
677 3077 728 3149 jus
756 3083 787 3133 et
815 3077 956 3134 clamium
980 3077 1059 3150 quod
1081 3077 1172 3133 hsbui
1195 3078 1243 3132 rel
1267 3077 1376 3132 habere

325 3163 408 3237 potui
434 3161 467 3218 in
492 3161 665 3218 commnns⁴
683 3168 813 3234 pasturas
836 3162 874 3218 de
892 3162 1083 3234 Lsngcreche
1108 3180 1174 3234 quae
1191 3162 1321 3234 pertinet
1339 3161 1377 3218 sd

324 3248 489 3304 manerium
506 3265 594 3303 suum
610 3246 648 3302 de
665 3246 859 3317 Msyesmore.

360 3332 398 3390 In
414 3332 500 3405 cnjus
518 3333 573 3398 rei,
592 3339 648 3390 etc.

603 3573 883 3647 OCCCXXXIII.
905 3576 956 3645 De
978 3577 1097 3645 coelest

361 3735 483 3796 Scisnt⁵
508 3742 668 3810 presentes
693 3741 724 3792 et
753 3733 856 3800 futuri,
885 3734 963 3806 quod
994 3730 1077 3805 [ego]
1096 3731 1257 3788 Wolterius
1283 3731 1376 3789 Gran-

326 3824 437 3897 gerius‚
451 3821 488 3879 do
506 3841 629 3879 assensu
647 3827 678 3877 et
694 3819 845 3877 voluntate
856 3819 973 3874 Edithae
992 3817 1028 3873 de
1042 3816 1259 3873 chirchesdono
1276 3818 1376 3873 uxoris

326 3928 410 3976 mete,
438 3907 507 3965 dedi
527 3915 558 3966 ct
574 3906 706 3965 concessi
728 3913 759 3962 et
781 3905 837 3961 hcc
857 3904 995 3977 pressenti
1018 3908 1100 3960 carta
1121 3921 1189 3958 mee
1208 3901 1377 3959 confirmari

326 4070 360 4080 .,,,
684 4069 844 4076 -,-.--.
862 4068 881 4073 ..
915 4068 977 4073 .-.-...

361 4173 368 4204 ¹
386 4167 527 4236 Henriccs]
545 4168 624 4235 Hugo
635 4169 663 4218 in
674 4167 792 4219 calendar
803 4166 834 4217 oi
909 4163 1000 4216 ὃΤΙιίιι
1016 4163 1039 4216 is
1057 4166 1154 4233 merely
1174 4183 1207 4218 an
1226 4167 1379 4237 incomplete

327 4250 461 4304 donations
473 4249 611 4314 (ortensi
623 4249 641 4298 i.
654 4265 678 4314 p.
690 4250 746 4312 98).
876 4245 1011 4310 iingmeut,
1030 4245 1074 4297 the
1093 4247 1174 4298 scribe
1195 4247 1291 4316 having
1311 4266 1379 4301 com·

360 4334 371 4363 ²
388 4331 502 4398 inposcim
512 4329 536 4379 is
546 4330 654 4380 inserted
665 4327 693 4378 in
709 4327 753 4379 the
771 4325 829 4377 MS.
876 4327 980 4378 menced
999 4325 1027 4376 in
1046 4340 1117 4377 error
1130 4327 1258 4379 cohartor
1275 4336 1321 4380 not
1340 4345 1379 4380 re·

326 4411 414 4465 before
426 4412 459 4472 in,
470 4412 516 4461 but
526 4409 588 4461 with
599 4409 642 4461 the
653 4408 711 4474 sign
731 4408 763 4458 oi
774 4421 830 4459 ers·
876 4405 1046 4472 letiugtothe
1056 4407 1152 4470 subject
1162 4409 1249 4460 before
1259 4410 1320 4470 him,
1328 4411 1379 4460 und

328 4508 393 4546 sure.
876 4486 937 4538 then
965 4486 1141 4538 discontinued
1168 4486 1209 4539 his
1245 4490 1380 4555 transcript

362 4572 372 4604 ⁸
389 4569 528 4639 limem]
547 4568 625 4636 Hugo
636 4568 663 4618 in
675 4567 795 4619 calendar
805 4569 836 4618 oi
876 4567 984 4618 without
994 4567 1138 4632 csnoelling
1147 4567 1190 4619 the
1206 4570 1379 4635 reduudsncy.

329 4651 462 4705 donaticas
473 4653 552 4714 (ante,
563 4651 611 4700 voi.
623 4649 641 4699 i.
653 4664 677 4713 p.
689 4651 743 4714 98).
877 4647 934 4698 'Phe
955 4647 1036 4698 entire
1058 4649 1157 4700 chester
1179 4649 1230 4699 will
1252 4651 1284 4702 be
1301 4652 1379 4702 found

364 4735 373 4764 ⁴
389 4730 525 4796 muna]
544 4742 711 4792 cummanum,
722 4729 778 4781 MS.
873 4735 938 4793 post,
949 4727 999 4780 No.
1009 4727 1133 4781 DLXIIL
