3218 5640
357 771 421 834 246
647 785 899 837 csurummuu
920 786 1132 838 uosssrnun

640 1082 891 1150 DCOCXVIII.
917 1083 1133 1150 Glonoesiric.

397 1263 497 1319 Sciunt
520 1269 678 1335 praesentes
697 1271 727 1320 et
745 1265 848 1328 futuri,
876 1264 954 1337 quod
978 1284 1031 1320 nos
1058 1265 1099 1328 J„
1129 1264 1185 1319 Dei
1212 1265 1318 1336 gretie,
1345 1268 1415 1327 etc„

263 1356 269 1368 '
360 1348 557 1404 concessimus
582 1355 611 1402 et
637 1348 812 1404 tradidimus
832 1350 958 1404 Jobsnni
978 1349 1014 1404 de
1041 1348 1131 1420 Hyde
1157 1347 1298 1420 burgensi
1325 1346 1417 1403 Glon·

360 1433 485 1496 cestriae,
517 1439 626 1488 terrum
657 1440 787 1487 nostram
818 1451 883 1505 quie
910 1434 991 1505 jacet
1019 1434 1096 1488 inter
1132 1440 1243 1488 terrum
1277 1431 1417 1487 Nicholui

360 1517 531 1571 Trewcmun
549 1523 579 1572 ot
596 1523 706 1572 terrum
726 1516 868 1572 Johunnis
895 1517 996 1589 Psyn;
1017 1516 1172 1572 tenendum
1191 1522 1222 1571 et
1239 1515 1414 1579 habendum,

361 1601 398 1656 ds
416 1600 499 1655 nobis
518 1607 548 1656 et
565 1600 783 1655 successoribus
802 1601 909 1656 nostris
937 1601 969 1655 in
994 1607 1179 1673 perpetuum,
1199 1599 1257 1655 sibi
1275 1606 1306 1654 et
1322 1599 1413 1653 hiere·

362 1683 448 1739 dibus
474 1685 546 1748 suis,
577 1702 632 1755 pro
657 1684 814 1740 tresdecim
841 1685 944 1741 solidis
978 1703 1051 1757 quos
1080 1685 1164 1740 nobis
1196 1683 1347 1741 annuatim
1378 1682 1417 1737 nd

364 1774 488 1840 quatuor
506 1768 646 1822 terminos
665 1768 822 1839 persolvet.
858 1769 1004 1824 Praedicte
1022 1786 1091 1824 vero
1108 1774 1187 1824 terre
1204 1773 1375 1822 mensurato
1386 1767 1418 1820 in

362 1851 547 1923 longitudine
573 1851 702 1907 continet
720 1852 844 1922 triginta
866 1853 967 1924 virgus
994 1852 1105 1907 domini
1131 1851 1212 1922 regis
1230 1850 1361 1906 ulnsrius
1388 1855 1420 1904 et

363 1952 455 1990 unum
473 1935 654 2006 quarterium
673 1953 740 1990 cum
769 1936 926 2008 pollicibus
951 1935 1150 2007 interpositis3
1177 1935 1208 1989 in
1233 1935 1329 1989 fronte
1347 1950 1420 1988 voro

365 2020 494 2075 continet
512 2021 641 2090 quinque
659 2020 761 2090 virgus
788 2026 819 2075 et
842 2019 994 2075 dimidiam
1020 2027 1051 2076 et
1068 2037 1159 2074 unum
1185 2018 1369 2091 quarterium
1387 2023 1419 2072 et

365 2104 438 2158 duos
464 2103 587 2174 pollices
614 2120 681 2157 cum
703 2103 859 2174 pollicibus
883 2105 1082 2176 interpositis;
1108 2109 1188 2159 retro
1214 2119 1285 2158 vero
1311 2119 1419 2157 versus

365 2205 484 2243 murum
514 2186 638 2241 abbatiis
667 2187 796 2242 continet
826 2187 956 2258 quinque
985 2188 1087 2258 virgas
1113 2191 1142 2240 et
1168 2186 1322 2240 dimidium
1348 2204 1419 2242 oum

364 2272 521 2343 pollicibus
548 2271 740 2342 interpositis.
790 2270 911 2340 Quando
940 2289 1011 2328 vero
1042 2271 1139 2326 dictus
1164 2269 1314 2325 «lohannes
1343 2287 1420 2341 prse-

364 2357 474 2412 dictom
492 2361 601 2411 terrum
619 2350 737 2411 s'nobis
755 2355 875 2427 recepit,
896 2355 1052 2411 aedificinm
1070 2355 1288 2426 superpositum
1314 2371 1420 2425 oppre-

364 2442 471 2499 tiutum
497 2441 554 2496 suit
585 2440 623 2495 sd
652 2440 783 2496 rulorem
810 2440 1005 2511 quadraginta
1034 2439 1204 2494 solidorum.
1254 2438 1289 2493 Si
1318 2438 1420 2508 aliquo

365 2543 436 2580 cusu
463 2530 641 2594 emergente,
672 2531 740 2588 etc,
767 2524 864 2578 simile
900 2523 1057 2580 aedificium
1085 2523 1134 2578 vel
1168 2522 1298 2594 pretinm
1332 2521 1422 2576 nobis

364 2608 529 2664 restituent.
567 2607 651 2662 idem
668 2625 738 2662 vero
752 2607 963 2678 juramentum,
987 2615 1042 2663 etc.
1080 2605 1211 2660 Eundem
1229 2605 1420 2662 securitatem

364 2692 448 2747 nobis
467 2691 574 2747 socient
590 2691 721 2746 haerodes
740 2691 787 2746 sui
804 2710 872 2746 cum
890 2691 1001 2763 singuli
1019 2691 1077 2747 sibi
1094 2689 1261 2746 succedent.

400 2776 438 2830 In
455 2774 539 2844 cujus
551 2774 595 2829 rei
613 2775 823 2840 testimonium,
843 2783 899 2832 etc.

366 3056 580 3125 DCCOXIX.
598 3057 789 3135 (limbus-in,
804 3081 907 3146 super
919 3059 1082 3124 escambio
1096 3057 1250 3125 manent
1264 3056 1421 3146 cjuodmn

695 3168 725 3227 ct
748 3167 844 3227 terro
865 3162 905 3228 cle
926 3160 1080 3228 Estlecbe

198 3343 268 3397 Ab.
282 3351 353 3396 11⁴⁴.
400 3343 530 3399 Notum¹
549 3344 588 3398 sit
613 3343 747 3398 omnibus
780 3352 841 3400 tum
858 3345 1053 3415 presentibus
1072 3363 1161 3417 quum
1188 3344 1309 3409 futuris,
1340 3345 1423 3416 quod

199 3426 319 3477 01le
365 3445 439 3482 nnnc
458 3428 576 3483 Domini
599 3428 758 3483 millesimo
782 3429 941 3484 centesimo
966 3428 1192 3499 quadragesimo
1218 3435 1325 3498 quarto
1342 3429 1422 3484 inter

199 3495 271 3558 bury.

365 3511 504 3567 domnum
535 3511 703 3568 Gilbertnm
736 3513 872 3567 ubbetem
906 3520 936 3567 ot
974 3512 1131 3568 monachos
1161 3511 1357 3568 Gloucestriae
1389 3522 1421 3569 et

364 3595 528 3651 Wolterum
558 3596 652 3650 tilium
682 3595 801 3650 Ricsrdi
835 3597 889 3651 filii
919 3596 1027 3659 Pontii,
1058 3597 1089 3649 in
1118 3597 1276 3668 praesentio
1306 3595 1421 3652 domini

365 3679 476 3750 Rogeri
501 3680 617 3735 comitis
642 3680 825 3735 Heresordiae
851 3688 882 3735 et
905 3679 1062 3752 proborum
1091 3679 1254 3743 hominum,
1280 3679 1346 3736 haec
1374 3691 1422 3736 est

365 3764 443 3819 lecta
460 3765 623 3820 conventio.

400 3847 500 3902 Abbns
518 3848 591 3919 ipse,
611 3865 753 3902 consensu
766 3849 857 3903 totius
869 3847 991 3920 capituli
1004 3849 1061 3912 sni,
1081 3849 1227 3904 concessit
1243 3848 1379 3906 Woltero
1391 3856 1423 3906 et

239 3964 249 3983 ·
364 3931 530 3986 heredibus
548 3932 610 3986 suis
637 3931 670 3985 in
692 3939 867 4003 perpetuum
884 3933 1060 3996 habendum,
1079 3934 1244 3988 manerium
1267 3952 1357 3990 suum
1382 3935 1421 3989 de

363 4014 529 4070 Glesburie.
566 4015 606 4070 Et
622 4015 780 4079 Wolterus,
799 4033 921 4070 assensu
938 4016 1058 4072 Ricardi
1077 4017 1178 4072 trecis
1196 4018 1253 4081 sni,
1272 4020 1423 4074 concessit

362 4097 494 4153 eeclesias
506 4097 591 4153 Booti
603 4098 685 4153 Petri
704 4097 896 4153 Gloucestriae
908 4108 1018 4154 terrum
1030 4118 1114 4155 snum
1126 4100 1164 4155 de
1181 4101 1338 4157 Estlecche
1350 4121 1420 4158 cum

363 4181 497 4236 omnibus
515 4181 692 4253 appenditiis
710 4183 772 4237 suis
789 4183 820 4236 in
838 4182 1036 4249 escambium
1055 4183 1111 4238 hnc
1123 4195 1223 4239 tomen
1239 4185 1419 4252 conditione,

363 4274 397 4320 ut
414 4264 538 4319 ecclesis
554 4265 592 4320 de
610 4263 775 4329 Glesbnrin,
797 4284 865 4320 cum
891 4267 989 4330 terris,
1009 4274 1040 4321 et
1062 4267 1195 4332 decimis,
1223 4275 1255 4322 et
1280 4270 1421 4326 omnibus

363 4347 401 4401 sd
412 4364 477 4402 cem
495 4348 717 4418 pertinentibus,
736 4349 766 4402 in
784 4368 872 4403 menn
890 4357 921 4404 et
937 4350 1121 4421 possessione
1138 4350 1253 4406 obbatis
1270 4359 1303 4408 et
1319 4370 1421 4409 mons·

363 4430 485 4485 chorum
504 4430 697 4486 Gloucestriae
715 4432 793 4486 sicut
817 4432 956 4488 hactenus
974 4434 1017 4488 ic·
1041 4441 1073 4488 et
1098 4451 1216 4506 semper
1232 4444 1418 4506 permanea,

363 4521 395 4568 ct
420 4514 544 4568 ecclesis
560 4514 598 4569 dc
627 4515 781 4570 Estleccbe
811 4517 842 4570 in
867 4535 956 4571 monn
982 4528 1013 4573 et
1041 4519 1226 4588 possessione
1249 4520 1361 4592 prioris
1389 4530 1421 4578 et

389 4819 1402 4900 =s1÷pse0uiommotnueu1m.(ae.vniunn
