3218 5640
512 802 538 850 s
562 800 665 850 surm
687 799 943 850 euoucssrms.
1188 788 1252 852 251

201 974 351 1030 Praeteree
376 973 534 1045 praedictus
563 974 710 1028 Robertus
737 983 767 1028 et
792 973 923 1028 haeredes
947 973 1057 1029 sacient
1079 974 1163 1029 uobis
1181 976 1254 1032 dnus

201 1069 296 1114 sectas
315 1059 406 1113 curiae
422 1066 530 1112 nostrai
550 1057 752 1122 Gloncestriae,
772 1064 828 1113 etc.
866 1059 906 1112 Et
930 1059 1043 1113 curiam
1067 1070 1197 1113 nostram
1217 1059 1254 1115 de

200 1145 355 1215 Hynetone
381 1144 460 1198 sicut
485 1143 562 1197 idem
590 1152 620 1197 et
647 1152 848 1197 antecessores
875 1143 922 1197 sui
941 1143 1038 1198 facere
1056 1143 1202 1200 debebant
1224 1154 1255 1202 et

200 1228 341 1283 solebant
378 1226 426 1282 lta
443 1227 557 1282 scilicet
575 1227 653 1298 quod
671 1227 871 1291 nihilominus,
891 1236 948 1280 etc.

236 1311 370 1367 Reddent
388 1313 507 1383 iusuper
520 1330 607 1366 unam
619 1329 747 1366 marcam
759 1312 875 1382 argenti
887 1311 970 1365 nobis
989 1318 1019 1365 et
1037 1313 1255 1369 successoribus

200 1398 309 1452 nostris
325 1397 364 1451 ad
380 1396 455 1452 duos
472 1398 540 1451 anni
559 1398 699 1451 terminos
719 1397 847 1460 usuales,
862 1406 918 1450 etc.
944 1395 983 1450 Et
1001 1397 1027 1450 si
1045 1396 1157 1452 dictum
1176 1406 1256 1452 tene·

201 1492 343 1544 mentum,
357 1488 412 1536 etc.
445 1480 579 1552 Singulis
595 1490 773 1545 autem,etc.
811 1480 957 1535 Volumus
977 1488 1009 1535 ut
1027 1480 1084 1552 ipsi
1103 1481 1254 1536 nobiscum

202 1565 261 1619 sint
279 1566 309 1618 in
328 1582 428 1618 mensa
445 1565 518 1618 adeo
534 1565 692 1620 honorilice
717 1566 794 1620 sicut
818 1564 997 1619 senescallus
1015 1563 1119 1620 domus
1137 1574 1253 1630 nostrae,

202 1659 233 1704 et
250 1650 361 1704 loenum
379 1661 409 1703 et
427 1666 548 1702 avenam
566 1660 651 1704 nocte
669 1657 811 1721 sequente
838 1649 877 1705 ad
894 1667 986 1704 unum
1013 1667 1132 1720 equum.
1170 1649 1255 1719 Quod

202 1734 227 1788 si
254 1733 412 1803 contigerit
441 1734 472 1786 in
502 1741 651 1805 posterum
681 1736 778 1805 ipsum
802 1734 928 1789 militem
951 1733 1026 1798 fieri,
1051 1733 1100 1788 vel
1126 1734 1254 1806 aliquem

202 1817 353 1871 haeredum
371 1834 502 1881 suorum,
523 1817 659 1871 volumus
678 1826 712 1872 ut
737 1824 796 1872 tam
815 1820 879 1889 ipse
898 1836 986 1889 quarn
1004 1835 1104 1872 omnes
1122 1818 1254 1873 haeredes

201 1902 248 1956 sui
266 1901 375 1955 milites
393 1901 551 1957 existentes
570 1901 682 1955 soenum
700 1912 731 1955 et
747 1902 934 1972 praebeudam
958 1902 1098 1974 praedicto
1115 1911 1199 1958 nocto
1216 1902 1254 1958 ad

201 1983 274 2039 duos
292 2002 383 2055 equos
401 1985 537 2051 hnbeant,
557 1986 634 2041 sicut
652 1985 830 2041 senescallus
848 1996 956 2042 noster.

238 2068 275 2124 Iu
293 2069 387 2141 cujus,
408 2080 463 2126 etc.

490 2358 758 2426 DCCOXXVIL
782 2360 964 2427 Haltlone.

240 2531 340 2586 Sciant
350 2539 510 2603 presentes
528 2540 559 2587 et
576 2533 680 2598 futuri,
695 2533 773 2604 quod
784 2550 838 2587 nos
851 2530 1073 2604 R[eginaldus],
1088 2534 1144 2589 Dei
1157 2533 1255 2605 gratis
1267 2553 1336 2603 Μ),
1350 2559 1414 2604 126³

202 2615 292 2670 abbas
309 2623 340 2670 et
366 2626 526 2671 conventus
554 2615 655 2671 Sancti
678 2618 760 2672 Petri
783 2616 985 2682 olonnensis,
1014 2618 1159 2682 dedimus,
1187 2636 1254 2672 eon-
1268 2626 1358 2670 4284.

203 2700 399 2763 cessimus,'et
413 2701 471 2755 hac
489 2702 627 2773 praesenti
642 2717 724 2756 carta
734 2713 835 2757 nostra
851 2702 1096 2767 confirmavimus,
1110 2703 1254 2758 Nicholao
1265 2696 1305 2746 Os
1311 2699 1374 2748 11¹1·

203 2783 275 2838 Orm
292 2783 329 2839 de
346 2784 513 2848 Ludelawe,
527 2803 581 2855 pro
592 2785 730 2856 homagio
742 2794 772 2839 et
790 2787 910 2842 servitio
922 2805 985 2851 sno,
998 2788 1106 2858 viginti
1123 2795 1154 2843 et
1165 2804 1253 2842 unam
1267 2766 1356 2817 ’ΒΜ

203 2886 301 2922 ueram
326 2878 423 2932 terrae,
448 2876 480 2924 et
505 2887 598 2924 unum
623 2871 811 2940 mesuagium
836 2888 905 2925 cnm
931 2872 1117 2942 pertinentiis
1144 2873 1206 2927 suis
1224 2870 1256 2924 in

203 2952 275 3007 villa
291 2951 328 3007 de
346 2952 484 3018 Haltoue,
504 2971 578 3024 quas
597 2952 717 3023 quidem
740 2971 823 3009 serus
847 2972 914 3009 cum
932 2957 1085 3026 mesuagio
1107 2955 1257 3011 Walterus

204 3036 315 3106 Scurry
332 3037 492 3107 aliquando
516 3036 554 3090 dc
579 3037 664 3091 nobis
690 3038 785 3092 tenuit
803 3039 834 3093 iu
859 3037 962 3093 eadem
982 3027 1071 3103 villu
1090 3039 1256 3093 habendum

204 3129 235 3173 et
252 3119 409 3173 tenendum
428 3119 464 3174 de
484 3121 568 3174 uobis
587 3128 617 3174 et
635 3122 854 3176 successoribus
873 3123 992 3187 nostris,
1012 3123 1069 3177 sibi
1087 3129 1118 3177 et
1134 3122 1257 3176 haeredi·

202 3203 257 3257 bus
276 3204 338 3258 suis
363 3204 412 3257 vel
439 3204 607 3274 assignatis,
627 3205 756 3275 exceptis
781 3206 854 3260 viris
879 3206 1028 3277 religiosis
1058 3207 1135 3271 aliis,
1153 3207 1257 3270 libere,

203 3288 313 3358 quiete,
332 3288 416 3352 bene,
436 3287 488 3343 et¹
507 3289 538 3341 in
557 3306 639 3359 pecc,
659 3289 690 3341 in
709 3296 893 3358 perpetuum.

238 3370 398 3426 Reddendo
415 3370 484 3425 iude
511 3372 663 3426 annuatim
690 3373 781 3444 priori
807 3381 907 3428 nostro
930 3373 1108 3439 Bromlelde,
1128 3377 1179 3445 qui
1203 3392 1257 3445 pro

203 3467 335 3527 tempore
354 3455 453 3521 fuerit,
468 3466 593 3526 quatuor
607 3456 717 3510 solidos
735 3457 851 3526 argenti
870 3457 908 3511 ad
926 3457 999 3512 duos
1018 3460 1086 3513 anui
1105 3460 1255 3521 terminos,

203 3539 342 3595 videlicet
360 3539 397 3593 sd
416 3539 524 3594 festum
537 3540 638 3594 Sancti
650 3539 804 3594 Michaelis
820 3539 892 3595 duos
912 3541 1031 3605 solidos,
1045 3552 1076 3596 et
1092 3542 1130 3596 ad
1149 3543 1256 3597 festum

202 3624 445 3678 Annunciatiouis
473 3623 637 3678 Dominicae
656 3622 728 3677 duos
756 3623 875 3687 solidos,
901 3643 954 3696 pro
981 3627 1061 3680 omni
1087 3626 1209 3681 servitio
1227 3634 1257 3680 et

203 3708 338 3763 saeculari
357 3707 501 3762 demando
518 3707 556 3761 ad
582 3726 635 3762 nos
663 3707 732 3761 iude
758 3710 933 3779 pertinente,
953 3709 1035 3764 salvo
1053 3711 1206 3775 forinseco,
1226 3717 1257 3765 et

203 3792 285 3847 salva
301 3791 386 3846 nobis
404 3800 485 3846 secta
503 3791 539 3844 ad
558 3791 669 3845 curiam
684 3798 813 3844 nostram
826 3792 862 3846 de
875 3792 1044 3848 Bromielde
1062 3794 1108 3849 bis
1127 3795 1157 3848 in
1169 3812 1253 3859 auno,

202 3875 342 3931 videlicet
359 3874 397 3930 ad
416 3875 524 3930 festum
552 3874 652 3929 Sancti
678 3875 832 3930 Michaelis
860 3886 889 3931 et
914 3878 951 3931 ad
978 3877 1008 3932 le
1025 3877 1168 3949 hokeday,
1187 3896 1254 3934 cum

202 3959 270 4014 aliis
288 3959 391 4013 liberis
408 3958 575 4013 homiuibus
593 3959 703 4013 nostris
734 3959 867 4013 facienda
891 3961 922 4015 in
949 3970 1134 4032 perpetuum.
1171 3962 1255 4016 Idem

202 4061 274 4099 vero
290 4043 453 4098 Nicholaus
469 4043 678 4114 jurameutum,
701 4051 758 4098 etc.
796 4043 835 4099 Et
860 4045 886 4099 si
914 4046 1064 4116 contingat
1088 4046 1167 4117 quod
1191 4046 1255 4116 ipse

203 4127 251 4182 vel
269 4127 401 4182 haeredes
421 4127 467 4182 sui
485 4127 532 4182 vel
552 4127 696 4197 assignati
720 4125 829 4180 dictam
848 4138 959 4182 terram
977 4129 1024 4182 vel
1042 4129 1171 4200 aliquam
1190 4131 1254 4200 ejus
1267 4136 1353 4189 1207.

202 4220 317 4284 partem
346 4212 436 4266 alicui
468 4210 592 4265 vendere
622 4209 779 4272 voluerint,
811 4229 864 4265 nos
894 4218 926 4266 et
954 4231 1136 4268 successores
1161 4215 1255 4269 nostri

203 4297 338 4351 ommhus
356 4296 423 4350 aliis
442 4295 552 4348 erimus
570 4293 803 4364 propinquiores,
823 4294 980 4350 dummodo
1004 4315 1057 4367 pro
1075 4298 1153 4352 dicta
1175 4308 1255 4353 terre

202 4389 316 4436 tantum
335 4380 378 4433 eis
396 4378 467 4432 dare
479 4377 658 4432 voluerimus
677 4384 820 4448 quantum
833 4379 883 4432 clii
897 4397 950 4449 pro
962 4380 1027 4451 ipsa
1044 4383 1255 4439 rationabiliter

203 4471 302 4519 essent
318 4462 427 4517 daturi.
464 4460 596 4515 Eandem
614 4463 812 4526 securitatem,
832 4472 888 4517 etc.

239 4548 275 4602 In
293 4547 378 4617 cujus
396 4547 440 4600 rei
459 4545 668 4608 testimonium,
683 4557 739 4600 etc.

568 4767 889 4833 mmmmm.
