3218 5640
371 753 413 815 40
661 767 909 817 carantanum
932 770 1142 821 aiouasrnuu

373 939 479 1009 graphi
505 941 668 995 conlectum
691 950 746 1007 cst,
767 944 851 1013 eujus
876 934 964 999 uriam
990 951 1102 1016 partem
1127 944 1227 1014 sigillo
1245 945 1338 1015 ipsius
1358 942 1425 1015 [Jo-

373 1020 491 1093 hannis]
506 1023 670 1079 roboratam
688 1044 777 1096 penes
796 1046 848 1082 nos
875 1029 1059 1092 retinuimus,
1081 1028 1202 1083 alteram
1221 1046 1291 1083 vero
1309 1036 1425 1099 partem

374 1107 473 1245 sigillo
491 1107 621 1163 ccclesiae
639 1115 745 1165 nostras
764 1112 915 1177 munitam,
936 1112 1030 1168 eidem
1049 1112 1232 1168 tradidimus.
1277 1112 1346 1169 Hiis
1364 1119 1424 1168 tes·

375 1190 397 1245 ti
420 1210 462 1246 us.

391 1451 714 1520 CCOOLXXXVII.
749 1452 971 1538 dtrrfiruiotio
987 1453 1125 1522 arausica
1148 1454 1188 1521 <lc
1210 1451 1408 1520 Norttlecta

776 1557 819 1640 [et
842 1555 1021 1642 oliorum}

211 1714 279 1766 An.
296 1719 366 1773 1215.
412 1715 562 1770 Universis
591 1716 705 1770 Sanctae
730 1714 836 1768 Matris
863 1715 1003 1770 Ecclesiae
1030 1715 1100 1770 filiis
1132 1715 1169 1769 ad
1195 1733 1267 1786 quos
1292 1732 1424 1785 praesens

209 1782 326 1833 N⁰l·³⁰·
377 1800 519 1870 scriptum
546 1800 720 1870 pervenerit,
741 1798 897 1863 walterus,
924 1799 980 1853 Dei
1004 1799 1100 1870 gratia
1117 1799 1339 1870 Wygoruiensis
1363 1799 1426 1869 epi·

209 1861 350 1977 gollim·
377 1902 491 1954 scopns,
512 1885 635 1938 salutem
655 1884 685 1937 in
703 1884 746 1938 llo
764 1883 815 1953 qui
834 1889 879 1938 est
897 1902 966 1938 vera
985 1885 1072 1938 salus.

211 1995 305 2045 ,humb
316 2002 365 2047 ,md
411 1968 459 2022 Ad
477 1968 610 2023 notitiam
623 1974 751 2022 vestrum
770 1968 904 2023 volumus
924 1968 1085 2038 pervenire,
1105 1987 1158 2023 nos
1177 1974 1286 2023 cartam
1304 1985 1425 2022 venera·

210 2060 301 2113 others,
375 2052 444 2106 bilis
468 2051 691 2123 praedecessoris
718 2050 809 2105 nostri
836 2051 1004 2121 Sampsonis
1030 2050 1175 2122 quondam
1201 2051 1426 2123 Wygorniensis

376 2136 504 2208 episcopi
524 2135 694 2206 inspexisse,
714 2134 908 2189 continentem
926 2135 1000 2190 hunc
1020 2137 1141 2189 fomlam
1153 2158 1198 2189 :-·

209 2220 277 2271 Μ).
293 2226 364 2283 llou,
411 2219 562 2275 Universis
590 2219 703 2274 Sancto
733 2218 837 2272 Matris
868 2218 1008 2272 Ecclesiae
1038 2219 1107 2274 filiis
1134 2219 1172 2272 ad
1197 2236 1269 2289 (lues
1294 2236 1426 2289 praesens

208 2288 323 2353 J⁰¹Y²³·
376 2304 517 2375 scriptum
538 2303 713 2375 pervenem't,
740 2303 890 2372 Sampson,
917 2302 970 2355 Dei
998 2303 1095 2372 gratia
1121 2303 1343 2374 Wygornicnsis
1363 2303 1427 2374 epi·

210 2370 298 2422 Osthe
375 2405 489 2459 scopus,
509 2388 632 2443 salntem
650 2387 681 2441 in
699 2385 831 2440 Domino.

208 2451 284 2488 me·
410 2472 534 2526 Noverit
559 2470 736 2525 universitas
764 2478 861 2525 vestra
879 2488 940 2534 noe,
962 2488 1019 2524 unia
1045 2489 1112 2525 eum
1130 2469 1348 2525 venerabilibus
1367 2470 1426 2524 fra·

374 2556 468 2611 tribus
480 2555 588 2609 nostris
601 2553 726 2608 dominis
739 2552 887 2608 Gimdnlfo
904 2553 1041 2617 Redemi,
1057 2553 1187 2608 Gerardo
1202 2553 1425 2618 Herelordcnsi,

374 2649 404 2695 et
428 2639 545 2693 Herveo
572 2637 781 2708 Bangornensi‚
808 2637 996 2708 coepiscopis,
1023 2656 1097 2691 anno
1122 2637 1240 2692 Domini
1266 2637 1426 2692 millesimo

374 2723 541 2786 centesimo,
561 2727 627 2775 ante
640 2727 821 2784 autumnum,
837 2720 935 2776 idibus
955 2721 974 2775 J
976 2720 1047 2784 ulii,¹
1067 2721 1219 2776 eeclesiam
1238 2738 1326 2791 quam
1338 2739 1426 2775 scne-

373 2806 475 2862 rabilis
493 2805 581 2860 abbas
601 2804 683 2860 Serlo
701 2805 732 2859 in
750 2804 821 2859 villa
839 2804 1003 2859 Glavornim
1022 2823 1040 2858 a
1057 2804 1254 2860 fundamentis
1272 2811 1426 2860 constum-

374 2895 446 2955 erat,
468 2889 617 2944 dedicasse
636 2894 667 2943 et
684 2906 868 2944 consecrasse
880 2888 911 2943 in
923 2889 1031 2943 honore
1044 2888 1202 2943 Beatorum
1213 2888 1427 2960 Apostolorum

374 2975 455 3030 Petri
473 2980 504 3029 et
521 2973 616 3038 Pauli,
636 2990 702 3028 cum
722 2972 882 3027 multorum
900 2971 1072 3043 populorum
1095 2972 1261 3044 frequentia
1284 2980 1314 3028 et
1337 2973 1427 3030 dero-

373 3059 461 3115 tione.

409 3144 449 3198 Et
475 3143 545 3214 quia
573 3141 737 3198 invenimus
761 3142 915 3213 praelatum
940 3142 1090 3198 Serlonom
1114 3142 1248 3198 abbatem
1265 3143 1425 3216 plusquam

374 3227 525 3298 sexaginta
549 3227 654 3282 fratres
684 3225 795 3281 ordinis
820 3225 919 3280 Sancti
946 3225 1099 3282 Benedicti
1129 3227 1159 3281 in
1188 3226 1266 3282 dicte
1291 3229 1426 3284 coenobio

374 3310 538 3366 Gloverniae
551 3328 745 3382 congregasse
764 3309 882 3365 Christo
900 3315 1039 3380 perpetuo
1058 3310 1229 3376 servituros,
1249 3329 1303 3366 nec
1315 3311 1427 3368 habent

373 3395 484 3467 praedia
512 3400 543 3451 et
568 3395 768 3466 possessiones
801 3394 878 3449 unde
903 3399 1050 3449 tantorum
1075 3395 1200 3449 fratrum
1223 3413 1363 3451 numerus
1382 3397 1426 3451 ibi

372 3498 440 3534 cum
457 3479 556 3535 debito
574 3480 681 3535 honere
709 3484 807 3550 posset
831 3478 998 3542 sustentari,
1018 3496 1080 3542 nos,
1100 3478 1206 3534 divinae
1232 3479 1363 3535 caritatis
1382 3481 1427 3536 in·

372 3564 459 3629 tuito,
479 3570 510 3619 et
527 3564 564 3619 ad
576 3564 783 3637 praedictorum
801 3562 1002 3633 episcoporum
1015 3568 1045 3617 ct
1056 3562 1093 3617 ad
1104 3562 1263 3618 multorum
1281 3563 1426 3620 nobilium

372 3648 482 3703 ibidem
500 3648 689 3719 praesentium
712 3647 880 3702 instantiam
906 3653 936 3701 et
964 3645 1156 3711 devotionem,
1179 3647 1376 3703 concessimus
1394 3656 1427 3704 et

372 3733 548 3791 contulimus
567 3730 715 3804 praedictis
735 3730 832 3786 abbati
860 3736 891 3785 et
914 3729 1055 3785 fratribus
1074 3729 1293 3786 Glovorniensis
1311 3750 1427 3788 mones-

371 3817 449 3879 terii,
470 3823 619 3871 eteorum
637 3814 863 3877 successoribus,
889 3813 926 3868 ad
949 3814 1107 3869 eorundem
1127 3815 1367 3872 sustentationem
1394 3824 1427 3872 et

372 3901 577 3973 hospitalitatis
612 3899 684 3955 inibi
718 3899 944 3969 ampliationem,
976 3898 1046 3953 has²
1076 3899 1255 3970 subscriptas
1285 3900 1425 3957 ccclesiae

372 3991 513 4055 perpetuo
540 3983 688 4040 habendas
714 3990 744 4038 et
766 3982 799 4037 in
822 3989 977 4053 perpetuos
996 4001 1067 4037 usus
1090 3983 1313 4049 convertendam
1343 3985 1425 4040 vide·

373 4070 444 4123 licet
463 4067 616 4124 ecclesiam
634 4067 670 4122 de
688 4067 718 4121 N
719 4066 886 4122 orthleche³
908 4086 976 4121 cum
994 4066 1128 4121 omnibus
1148 4067 1268 4123 decimis
1287 4074 1318 4122 et
1335 4070 1426 4139 perti·

372 4151 479 4207 nentiis
498 4151 575 4216 suis;
596 4151 748 4207 ecclesiam
767 4150 804 4204 de
826 4150 994 4205 sunodisso
1012 4169 1079 4205 cmn
1098 4151 1231 4206 omnibus
1253 4151 1375 4208 decimis
1393 4161 1425 4209 et

372 4232 506 4287 omnibus
531 4232 619 4286 rebus
644 4230 681 4286 ad
704 4231 798 4301 ipsam
823 4230 1054 4301 pertinentibns;
1083 4230 1237 4285 ecclesiam
1255 4230 1292 4285 de
1309 4231 1425 4288 Harde-

372 4317 456 4389 pyric
486 4334 552 4370 cum
580 4315 713 4370 omnibus
739 4314 950 4386 pertinentibus
981 4313 1018 4369 ad
1043 4315 1182 4380 eandem
1213 4315 1369 4372 ecclesiam
1386 4317 1424 4372 de

407 4537 414 4568 ¹
433 4537 500 4588 vide
520 4536 632 4588 Historia
652 4539 729 4602 (enee,
748 4538 796 4587 vol
810 4535 825 4588 i.
846 4551 869 4601 p.
955 4537 1012 4586 'ln
1029 4534 1071 4585 the
1089 4535 1188 4601 margin
1205 4534 1264 4586 here
1279 4535 1302 4587 ie
1313 4535 1424 4591 intem

375 4620 425 4681 12).
922 4615 948 4665 in
961 4611 1299 4677 aluterhand,N0rttlecte.

406 4701 416 4729 ²
431 4698 490 4766 tue]
509 4699 577 4757 haas,
590 4697 645 4748 MS.
