3218 5640
365 772 428 837 142
644 784 892 838 caunummnn
913 786 1119 836 acassam

397 962 556 1018 Reddenda
573 963 731 1027 annuatim,
745 962 796 1017 ille
813 964 862 1019 vel
879 962 1009 1018 haeredes
1022 962 1078 1026 sni,
1091 960 1163 1016 mihi
1176 960 1225 1016 vel
1242 958 1412 1015 haeredibus

361 1046 445 1110 meis,
466 1046 594 1117 quinque
612 1046 719 1102 solidos
742 1047 959 1118 sterlingorum,
978 1046 1091 1102 scilicet
1116 1045 1154 1100 ad
1180 1045 1289 1100 festum
1308 1040 1413 1098 Sancti

361 1129 515 1186 Michaelis
533 1131 699 1201 quindecim
717 1130 859 1196 denarios,
879 1136 910 1187 at
927 1131 964 1186 ad
981 1130 1174 1186 Nativitatem
1192 1127 1312 1183 Domini
1323 1125 1412 1196 quin·

361 1212 456 1269 decim
481 1215 625 1281 denarios,
653 1222 684 1271 et
708 1216 745 1270 ad
772 1215 881 1271 festum
906 1215 1021 1271 Sanctae
1038 1214 1141 1269 Marisa
1158 1211 1305 1268 naualis
1324 1209 1412 1281 quin·

360 1295 456 1351 decim
483 1297 626 1363 denarios,
652 1306 682 1353 ct
708 1300 746 1354 ad
769 1299 963 1355 Nativitatem
989 1297 1088 1354 Sancti
1107 1296 1248 1352 Johannis
1266 1294 1414 1365 Baptistae

359 1380 526 1451 quindecim
538 1381 682 1437 denarios.
717 1383 782 1455 Ego
794 1388 892 1437 autem
904 1381 1050 1438 Robertus
1060 1385 1068 1413 ¹
1081 1381 1221 1453 prefatus
1233 1385 1264 1434 et
1274 1376 1411 1433 haeredes

359 1465 418 1519 mai
429 1464 570 1536 praedicto
581 1466 708 1522 Robusto
726 1472 757 1521 et
773 1465 938 1521 heredibus
951 1466 1013 1522 suis
1025 1464 1229 1521 terramillam
1241 1466 1272 1517 et
1283 1478 1410 1517 conven-

359 1547 468 1603 tionem
485 1555 586 1606 eontra
602 1567 703 1606 omnes
715 1550 847 1606 homiues
859 1550 1124 1615 warantizabimus,
1138 1553 1169 1603 et
1180 1547 1217 1602 da
1229 1543 1412 1616 laudgabulo

359 1633 583 1703 aquietabimus.
621 1633 679 1688 Pro
698 1652 756 1704 qua
773 1634 961 1689 conventione
988 1632 1127 1704 praefatus
1154 1631 1301 1685 liebertus
1326 1627 1413 1683 dedit

358 1717 432 1770 mihi
449 1717 486 1771 de
504 1717 626 1772 introitu
643 1717 724 1772 illins
743 1722 829 1772 terrm
847 1716 904 1772 duo
922 1716 1032 1772 talanta
1049 1717 1123 1782 auri,
1144 1721 1174 1771 et
1192 1713 1345 1771 Gileberte
1363 1728 1412 1768 ca·

358 1799 473 1870 pellano
491 1800 552 1855 filio
569 1817 635 1855 meo
652 1818 743 1855 unum
761 1800 902 1855 talentum
920 1801 997 1855 auri.

394 1883 436 1939 Ut
453 1888 551 1941 autem
568 1883 626 1940 ista
643 1884 796 1940 conventio
813 1888 877 1939 rata
895 1883 943 1950 sit,
963 1890 1018 1939 etc.

672 2167 861 2236 DOLVIII.
886 2165 1092 2235 Pudentem.

395 2346 496 2405 Sciant
513 2354 670 2420 presentes
695 2356 725 2404 et
748 2349 850 2414 futuri,
871 2349 948 2419 quod
972 2366 1028 2420 ego
1051 2344 1210 2409 Esuriens,
1229 2340 1287 2398 Dei
1310 2341 1415 2414 gratia

359 2432 447 2488 abbas
471 2436 502 2488 et
525 2440 685 2488 conventus
704 2432 804 2488 Sancti
822 2432 905 2488 Petri
924 2431 1124 2496 Gloucestrioe‚
1144 2427 1356 2491 concessimus,
1381 2431 1415 2481 et

359 2523 439 2572 carta
462 2520 563 2572 nostra
589 2514 834 2581 confirmavimus,
863 2515 995 2573 Walters
1020 2514 1159 2584 Walding
1187 2516 1217 2566 et
1239 2509 1413 2565 haeredibus

359 2599 430 2665 suis,
449 2605 559 2656 terram
576 2605 704 2655 nostram
724 2617 811 2671 quam
834 2598 989 2654 habuimus
1013 2598 1044 2652 in
1067 2596 1139 2653 villa
1162 2596 1198 2650 de
1217 2592 1414 2656 Tudenham3

357 2682 441 2738 illam
471 2683 583 2738 scilicet
610 2700 697 2752 qnam
722 2681 886 2737 Alacredns
918 2681 1047 2737 serviens
1072 2685 1171 2735 noster
1199 2675 1348 2748 quondam
1373 2674 1414 2729 de

358 2766 442 2821 uobis
468 2767 583 2832 tenuit;
615 2766 769 2821 tenendam
796 2773 826 2820 et
851 2764 1013 2820 habendam
1039 2765 1075 2819 de
1099 2763 1183 2818 uobis
1208 2763 1240 2817 in
1266 2760 1354 2816 feodo
1382 2763 1416 2814 et

357 2849 538 2914 haereditate,
559 2847 616 2903 sibi
641 2852 672 2904 et
696 2847 863 2903 haeredibus
889 2849 961 2914 suis,
980 2848 1074 2904 libere
1094 2853 1125 2902 et
1142 2844 1241 2917 quiete
1265 2845 1303 2899 ab
1328 2843 1414 2899 omni

359 2931 479 2986 servitio
497 2932 630 2986 seculari
648 2938 679 2987 et
696 2931 846 2995 demanda,
866 2950 919 3003 pro
937 2949 993 2986 una
1016 2931 1092 2985 libra
1110 2947 1185 2985 carae
1209 2927 1294 2983 nobis
1318 2943 1414 2981 annu·

358 3015 429 3069 atim
447 3015 484 3069 ad
501 3016 607 3070 festum
628 3014 727 3070 Sancti
740 3015 893 3070 Michaelis
911 3014 1111 3087 persolvenda.
1150 3012 1198 3067 Ita
1215 3017 1316 3066 tamen
1329 3009 1413 3081 quod

358 3099 453 3154 dictus
471 3099 620 3155 Walterna
637 3102 668 3153 et
684 3098 814 3154 haeredes
832 3100 888 3164 sui,
908 3104 969 3154 tam
992 3098 1029 3154 de
1052 3095 1146 3168 regali
1170 3095 1293 3152 servitio
1318 3111 1413 3165 quam

358 3182 395 3236 dc
413 3183 547 3238 omnibns
565 3181 631 3238 aliia
648 3183 736 3238 rebus
760 3189 791 3238 et
814 3182 952 3250 servitiis,
972 3187 1113 3253 qnantum
1137 3179 1174 3236 ad
1197 3187 1309 3237 terram
1334 3196 1413 3250 prae·

358 3265 466 3323 dictam
483 3266 618 3338 pertinet,
638 3283 690 3322 nos
709 3266 908 3338 aquietabunt.

394 3349 430 3404 In
447 3350 531 3421 cujus
548 3349 592 3405 rei
610 3348 818 3416 testimonium,
839 3356 894 3406 etc.

391 3613 540 3682 numu
564 3614 613 3681 ne
635 3613 777 3702 aalma
799 3613 928 3783 ataugia
952 3613 1138 3682 caculae
1160 3620 1190 3681 e
1211 3615 1387 3684 amam

804 3739 875 3802 eyes
916 3737 958 3783 m.

193 3876 261 3928 AD·
276 3883 346 3931 1272.
395 3885 564 3951 Hannicns,2
582 3887 637 3941 Dei
655 3886 760 3957 gratia,
781 3891 846 3950 etc,
864 3886 1029 3942 vicecomiti
1048 3886 1250 3952 Glaucestriae,
1270 3886 1410 3944 salutem.

194 3943 283 3995 Μ
295 3951 319 3997 ³·
396 3969 477 4025 Scias
496 3971 573 4040 quod
591 3971 805 4041 assignavimus
823 3970 944 4025 dilectos
962 3976 992 4025 et
1009 3970 1109 4026 fideles
1133 3975 1247 4026 nostros
1266 3970 1302 4025 G.
1323 3972 1413 4026 'Pale-

195 4025 291 4142 ffiffs
359 4052 428 4108 both
455 4054 589 4119 militem,
615 4055 789 4124 magistrum
813 4053 859 4109 W.
887 4054 923 4108 de
950 4053 1098 4118 Glifforda‚
1127 4059 1157 4109 et
1182 4054 1346 4109 Ricardum
1371 4055 1412 4110 de

196 4158 295 4224 „uaga
359 4135 535 4192 Heresordia
553 4137 683 4203 clericos,
703 4136 751 4194 vel
777 4136 850 4191 dnos
878 4154 978 4192 eornm
1003 4137 1028 4192 si
1054 4154 1154 4192 omnes
1179 4137 1325 4194 interesse
1350 4156 1412 4194 non

358 4223 504 4288 poterunt,
536 4221 574 4274 ad
603 4220 808 4291 inquinandum
837 4237 890 4290 per
920 4231 1134 4277 sacramentum
1160 4220 1317 4277 duodecim
1341 4239 1412 4292 pro·

358 4300 461 4357 borum
480 4309 510 4359 et
527 4303 668 4375 legalium
686 4303 845 4368 hominum,
860 4308 920 4358 tam
938 4303 974 4358 de
992 4303 1086 4374 burgo
1098 4309 1199 4360 nostro
1211 4303 1411 4361 Glaucestviaa

392 4553 399 4582 ¹
417 4550 551 4617 Mutua]
570 4550 768 4612 Ricardns,MS.
903 4565 926 4615 p.
939 4553 1010 4616 ³19).
1044 4551 1075 4602 In
1092 4553 1136 4603 the
1151 4552 1251 4618 margin
1268 4552 1411 4608 isvritten

390 4629 853 4692 ²Thiaitwillbaseenisarepe·
903 4628 954 4679 this
976 4637 1052 4680 nota:
1074 4630 1163 4692 Qeoere
1185 4640 1311 4684 numam
1334 4637 1412 4688 istiu

358 4707 432 4759 tition
445 4708 475 4759 of
481 4708 529 4760 No.
542 4708 682 4761 CCXCIV.
695 4708 771 4770 (aute,
778 4708 827 4757 vol
834 4708 852 4758 i.
906 4705 993 4765 brevis,
1005 4708 1066 4759 folio
1078 4711 1150 4763 lxxx.
