3218 5640
371 759 436 822 138
651 766 896 820 ctsrmsmuu
917 770 1124 821 nostsrmu

366 953 397 1002 ct
425 945 625 1002 haereditatem
654 945 777 1010 tradent,
808 961 903 1015 neque
932 945 971 999 ad
1005 943 1096 999 ulium
1131 944 1229 1000 locum
1259 941 1417 1015 religionis

364 1029 551 1092 transferent,
571 1029 635 1084 sine
660 1045 781 1084 assensu
802 1035 910 1083 nostro.
948 1028 1079 1083 Eandem
1109 1028 1299 1084 securitatem
1328 1025 1417 1080 nobis

364 1113 471 1169 facient
499 1113 630 1168 heredes
658 1113 705 1167 sui
729 1130 798 1167 cum
822 1113 933 1183 singuli
962 1112 1019 1166 sibi
1050 1111 1217 1167 succedent.
1272 1108 1418 1165 Praedicti

364 1203 461 1253 autem
487 1197 646 1261 Oradocus,
666 1204 696 1251 et
715 1196 862 1251 Johannes
887 1197 977 1251 frater
1000 1196 1075 1267 ejus,
1095 1201 1125 1250 et
1148 1212 1251 1249 eorum
1268 1193 1415 1258 haeredes,

363 1282 445 1337 salvo
471 1281 632 1335 conducent
659 1280 696 1334 ad
723 1280 852 1345 boscum,
873 1288 903 1335 et
929 1299 997 1335 cum
1018 1281 1110 1334 carris
1129 1286 1160 1334 et
1177 1279 1285 1334 caretis
1304 1278 1417 1333 nostris

362 1366 399 1420 de
429 1365 566 1436 ibeygof,
587 1364 721 1435 quotiens
749 1366 909 1420 servientes
938 1371 1053 1420 nostros
1071 1364 1108 1419 de
1126 1363 1256 1434 treigof,
1277 1362 1342 1418 sive
1360 1380 1418 1433 pro

362 1449 502 1504 meremio
528 1448 590 1503 sive
618 1466 671 1519 pro
691 1449 843 1512 focnlihns,
865 1448 975 1502 ibidem
1000 1448 1138 1503 accedere
1168 1447 1328 1517 contingat.
1375 1446 1418 1501 Et

363 1534 496 1604 quotiens
514 1532 613 1587 averia
635 1537 735 1587 nostra
758 1539 789 1587 et
812 1549 912 1604 porcos
936 1538 1049 1588 nostros
1074 1531 1208 1604 ejusdem
1225 1530 1352 1586 manerii
1376 1530 1417 1583 ad

363 1616 473 1672 dictum
497 1616 618 1672 boscum
645 1616 791 1672 mittimus
821 1615 859 1670 nd
883 1615 1071 1686 pascendum,
1102 1615 1172 1672 totis
1202 1614 1317 1670 viribus
1350 1612 1415 1669 suis

361 1700 469 1756 debent
485 1701 565 1756 dicta
582 1700 682 1754 averia
699 1705 730 1755 et
746 1698 840 1755 dictos
858 1716 960 1770 porcos
984 1706 1099 1756 nostros
1116 1697 1284 1763 defendere,
1304 1703 1336 1753 et
1358 1714 1415 1754 nos
1456 1722 1463 1734 ·

360 1784 512 1840 indemnes
530 1800 712 1848 conservare,
733 1800 769 1837 ne
793 1801 847 1854 pro
865 1783 980 1838 defectu
1005 1801 1058 1839 suo
1081 1801 1134 1855 per
1152 1783 1280 1838 insultus
1298 1780 1415 1852 sliquo-

360 1886 427 1922 rum
452 1867 632 1923 Walensium
662 1866 847 1937 diripiantur.
896 1866 959 1937 ipsi
989 1884 1059 1922 vero
1085 1873 1115 1921 et
1144 1865 1277 1921 haeredes
1307 1882 1416 1920 eorum

359 1951 472 2008 curiam
500 1957 630 2006 nostram
659 1949 695 2003 de
723 1950 846 2021 Treigoi
872 1956 1040 2021 sequentur.
1077 1951 1117 2005 Et
1145 1957 1206 2005 tam
1235 1949 1294 2020 ipsi
1321 1965 1416 2021 quum

359 2053 461 2090 eorum
485 2033 627 2100 heredes,
647 2034 698 2103 qui
725 2032 762 2088 de
788 2033 867 2088 dicta
893 2040 973 2091 terra
997 2034 1127 2105 aliquam
1156 2033 1314 2089 habuerint
1344 2050 1415 2104 por·

359 2119 477 2184 tionem,
497 2135 565 2174 oum
582 2116 693 2188 singuli
712 2116 768 2171 sibi
787 2116 953 2184 succedent,
966 2116 1184 2188 respondebunt
1200 2117 1285 2172 nobis
1304 2115 1413 2187 singil-

357 2201 441 2257 latim
468 2201 505 2256 de
531 2201 651 2257 herietis
676 2201 748 2255 suis.
786 2199 869 2268 Quod
896 2202 922 2255 si
948 2201 1006 2271 ipsi
1032 2206 1062 2255 et
1088 2200 1219 2255 hoeredes
1244 2217 1350 2256 eorum
1374 2200 1414 2254 de

358 2285 498 2356 praedicto
515 2284 632 2339 redditu
650 2290 680 2338 et
697 2284 844 2354 praedictis
869 2285 998 2339 servitiis
1016 2284 1099 2339 nobis
1117 2285 1243 2354 integre,
1265 2281 1322 2354 [et]
1344 2283 1411 2339 sine

358 2368 470 2432 fraude,
489 2385 547 2422 non
574 2366 798 2438 respoudierint,
816 2367 918 2422 licebit
934 2368 1017 2421 nobis
1036 2368 1144 2422 dietam
1163 2374 1273 2423 terram
1291 2384 1412 2438 cepere,

358 2458 389 2507 et
405 2459 514 2516 tenere,
534 2451 626 2508 donec
643 2451 680 2506 de
698 2450 777 2506 dicto
801 2450 919 2505 redditu
943 2457 1053 2519 nostro,
1072 2469 1218 2507 unacum
1244 2451 1414 2523 arreragiis

358 2540 419 2590 tam
448 2535 580 2589 redditus
610 2535 702 2589 nostri
733 2551 820 2605 quam
850 2535 1038 2591 servitiorum
1073 2535 1292 2606 predictorum,
1322 2535 1414 2591 nobis

358 2619 488 2689 plenarie
507 2618 713 2673 satisfecerint.

394 2703 432 2756 In
449 2703 534 2772 cujus
552 2702 596 2755 rei
615 2701 814 2756 testimonium
832 2718 961 2771 praesens
974 2701 1116 2772 scriptum
1135 2701 1166 2756 in
1184 2701 1305 2756 modum
1324 2719 1414 2772 cyro-

358 2785 465 2856 graphi
482 2786 559 2840 inter
582 2803 635 2839 nos
660 2785 823 2840 confectum
848 2791 904 2850 est,
930 2786 1016 2856 cujus
1040 2803 1129 2840 unam
1154 2793 1278 2857 partem,
1305 2786 1414 2857 sigillo

358 2869 491 2923 ecclesiis
517 2875 624 2924 uostrae
651 2867 865 2932 muniremus
890 2869 1075 2934 tradidimus,
1095 2869 1220 2924 alteram
1244 2886 1316 2924 vero
1342 2887 1413 2940 par-

358 2957 428 3016 tem,
448 2952 557 3022 sigillis
580 2952 712 3022 ipsorum
734 2950 909 3017 roboratam,
929 2969 1019 3024 penes
1039 2970 1092 3007 nos
1110 2953 1297 3008 retinuimus.
1336 2951 1412 3008 Hiis

357 3034 491 3091 testibus.
1362 3066 1365 3073 ·

705 3305 842 3375 DGLII.
864 3305 915 3373 De
937 3306 1055 3374 codem.

192 3489 261 3539 tn.
276 3495 337 3541 113⁹
393 3484 494 3541 Sciant
522 3487 680 3555 praesentes
710 3489 741 3539 et
768 3484 870 3549 futuri
902 3483 980 3555 quod
1010 3501 1066 3556 ego
1097 3482 1291 3558 G[ilbertus],
1311 3486 1411 3543 abbas

192 3561 285 3609 -1148,
356 3568 557 3633 Gloucestriae,
570 3575 708 3639 totusque
720 3574 879 3623 conventus
895 3567 1038 3639 ejusdem,
1052 3569 1250 3626 concessimus
1268 3569 1410 3641 Rugum,

192 3634 279 3751 322⁰
356 3658 386 3709 et
403 3652 532 3708 Roberto
550 3651 611 3706 filio
628 3652 702 3723 ejus,
716 3658 747 3707 et
759 3650 914 3722 Radulpho
925 3651 986 3705 filio
1004 3650 1163 3723 Badulphi‚
1184 3652 1263 3726 apud
1281 3652 1413 3709 pennu„

355 3741 387 3791 et
416 3735 596 3798 Ianearvau,
627 3741 718 3791 totam
753 3741 863 3790 terram
891 3734 1007 3790 Leorici
1036 3735 1173 3791 monachi
1208 3738 1412 3794 antecessoris

355 3836 466 3883 eorum,
486 3836 554 3872 eum
571 3818 663 3889 pratis
681 3823 713 3872 et
729 3817 843 3873 caeteris
870 3816 965 3872 eidem
989 3823 1077 3875 terrae
1095 3819 1334 3890 pertinentibus;
1364 3828 1410 3876 te·

355 3902 480 3957 nendam
497 3901 535 3955 de
551 3901 636 3956 nobis
653 3918 707 3972 pro
730 3900 832 3955 eodem
857 3901 978 3956 servitio
1003 3902 1081 3971 quod
1106 3902 1187 3958 idem
1211 3903 1358 3962 Leorious
1377 3912 1412 3964 et

356 3992 553 4043 antecessores
571 3985 635 4056 ejus
654 3982 779 4039 dominis
797 3983 858 4039 suis
877 4001 913 4039 ex
925 4001 960 4039 ea
977 3984 1128 4050 fecerunt;
1148 3987 1204 4044 huc
1223 3987 1409 4057 conditione,

356 4070 434 4142 quod
462 4069 602 4140 prefatus
629 4068 720 4140 Hngo
746 4074 777 4124 et
800 4067 946 4124 Robertus
972 4074 1002 4123 ot
1027 4068 1201 4141 Badulphus
1228 4071 1412 4131 fidelitatem

356 4154 425 4209 vitre
443 4158 473 4209 et
490 4152 687 4207 membrorum
704 4156 792 4222 atque
816 4152 924 4207 terreni
947 4151 1065 4207 honoris
1083 4154 1157 4208 mihi
1177 4152 1357 4228 G[ilberto],
1377 4166 1412 4216 ct

357 4236 488 4291 ecelesiae
506 4240 622 4300 nusum,
635 4239 665 4288 et
682 4234 831 4288 monachis
849 4235 968 4298 uostris,
988 4254 1006 4289 a
1023 4235 1071 4290 die
1088 4237 1142 4291 illa
1159 4257 1256 4309 usque
1274 4240 1308 4293 iu
1326 4258 1409 4295 sem·

356 4321 512 4391 pitemum,
540 4319 680 4382 fecerunt,
699 4334 800 4387 paoem
827 4317 940 4371 firmam
959 4320 1092 4375 omnibus
1117 4321 1226 4376 nostris
1245 4321 1409 4390 dederunt,

358 4405 535 4457 sacramento
553 4400 806 4465 confirmaverunt,
820 4400 898 4472 apud
911 4400 1135 4460 Gloueestriam.
1174 4405 1245 4462 Hiis
1264 4407 1406 4465 testibus.
