3218 5640
369 805 433 868 284
657 821 906 873 claramnium
927 821 1136 873 aionrsraan

610 1081 612 1085 ’
667 1099 921 1166 DCCCLXXV.
945 1098 1121 1167 Rocdbele.

127 1284 132 1296 ,
201 1232 347 1285 A.D.1263
406 1228 506 1286 Sciant
534 1239 692 1303 praesentes
723 1239 753 1288 et
782 1235 885 1300 futuri,
920 1235 998 1306 quod
1027 1253 1080 1289 nos
1108 1231 1329 1305 R[eginaldus],
1362 1234 1420 1288 Dei

200 1305 291 1350 4284.

202 1384 289 1435 Osthe

201 1465 276 1501 same.

369 1320 467 1388 gratia
484 1320 572 1375 abbas
594 1327 624 1376 ct
648 1327 807 1377 conventus
833 1323 933 1389 Sancti
952 1323 1034 1377 Petri
1053 1322 1255 1388 Gloueestriza
1276 1322 1421 1377 concessi·

368 1421 433 1457 mus
452 1403 600 1458 Willelmo
626 1405 685 1459 filio
704 1405 846 1460 Willelmi
867 1405 903 1461 de
922 1407 1079 1471 Roedhale,
1099 1407 1287 1463 medietatem
1310 1406 1422 1461 molon·

368 1487 430 1542 dini
448 1489 539 1543 nostri
558 1488 595 1542 do
614 1488 772 1553 Roodhalo‚
792 1508 860 1544 cum
877 1491 1035 1546 medietate
1053 1497 1139 1545 terrie
1158 1491 1196 1545 ad
1214 1491 1290 1545 idem
1311 1490 1422 1545 molen·

368 1571 469 1626 dinum
487 1572 660 1642 pertinente,
681 1580 711 1627 et
729 1580 809 1628 secta
826 1574 976 1629 hominum
993 1582 1160 1629 nostrorum
1179 1574 1215 1629 de
1228 1575 1419 1646 Bromptonc,

368 1664 483 1712 etcum
501 1657 566 1712 aliis
584 1658 768 1728 pertinentiis
788 1658 866 1724 suis3
888 1659 965 1730 quod
983 1659 1182 1714 molendinum
1200 1665 1230 1714 et
1248 1677 1338 1730 quam
1356 1659 1422 1730 qni-

367 1740 434 1796 dem
452 1747 560 1797 terram
573 1743 740 1798 Willelmus
759 1742 796 1816 de
813 1742 961 1798 Roedhale
978 1743 1093 1814 integre
1111 1744 1147 1798 de
1165 1743 1248 1799 nobis
1262 1743 1421 1814 aliquando

367 1827 476 1892 tenuit;
511 1826 666 1882 tenendam
697 1833 727 1881 et
755 1826 917 1882 habendam
948 1827 983 1881 de
1014 1828 1097 1882 nobis
1127 1827 1316 1882 medictatem
1347 1826 1421 1882 dieti

367 1910 534 1974 molendini,
556 1927 623 1965 eum
648 1910 806 1965 medietate
825 1910 910 1967 diotae
930 1919 1016 1966 terrae
1034 1918 1064 1966 et
1082 1917 1162 1967 secta
1179 1911 1330 1982 praedicta,
1351 1929 1421 1966 cum

367 1995 429 2050 suis
459 1995 653 2064 pertinentiis,
680 1994 711 2048 in
742 1993 825 2050 feodo
849 2000 879 2049 et
904 1994 1084 2060 haereditate,
1112 1995 1168 2049 sibi
1195 2000 1224 2049 et
1249 1994 1420 2051 haeredibus

367 2080 548 2143 suis;·aalvo
567 2080 651 2134 nobis
669 2079 805 2134 theloneo
823 2079 968 2134 moriture
986 2091 1094 2135 nostrai
1114 2079 1149 2134 de
1168 2079 1299 2134 manerio
1317 2086 1421 2135 nostro

367 2164 402 2218 de
421 2163 607 2235 Bromptone.

402 2247 561 2302 Reddenda
579 2247 646 2302 inde
665 2248 747 2303 nobis
773 2247 921 2302 annuatim
939 2247 1044 2318 viginti
1072 2245 1180 2302 solidos
1206 2246 1421 2319 sterlingorum

366 2331 403 2387 ad
422 2338 546 2403 quatuor
564 2332 632 2386 anui
650 2332 800 2396 terminos,
820 2332 958 2387 videlieet
976 2332 1013 2386 ad
1039 2333 1145 2386 festum
1172 2331 1272 2386 Sancti
1290 2331 1420 2387 Androm

366 2415 495 2488 quinquo
526 2415 643 2480 solidos,
673 2416 710 2470 ad
735 2415 999 2471 denunciationem
1030 2415 1129 2470 Beata>
1155 2414 1258 2470 Marte
1286 2417 1419 2488 quinque

366 2500 484 2565 solidos,
516 2501 553 2554 ad
588 2500 781 2555 Nativitatem
818 2501 903 2554 Beati
940 2500 1083 2554 Johannis
1113 2499 1255 2571 Baptista
1287 2500 1420 2571 quinquo

366 2584 484 2648 solidos,
505 2589 535 2639 et
553 2583 590 2637 ad
608 2585 715 2639 sestam
735 2584 836 2639 Sancti
854 2582 1009 2639 Michaelis
1029 2584 1158 2655 quinque
1177 2582 1296 2639 solidos.
1334 2583 1420 2639 Idem

365 2687 435 2723 voro
460 2667 628 2723 Willclmus
649 2667 850 2738 juramentum
868 2668 952 2723 nobis
980 2667 1128 2739 praestitit,
1149 2666 1227 2737 quod
1245 2666 1343 2722 fidelis
1363 2668 1421 2723 erit

365 2752 497 2808 eoolesioe
509 2758 625 2816 nostrie,
641 2757 671 2806 et
688 2753 813 2807 maxime
832 2751 868 2806 de
885 2751 1032 2806 reddendo
1045 2750 1162 2806 redditu
1173 2756 1274 2805 nostro
1285 2751 1419 2822 plenarie

366 2836 484 2890 statutis
522 2836 664 2891 terminis.
713 2834 745 2890 Si
779 2842 876 2891 autem
915 2836 1015 2906 aliquo
1045 2835 1170 2891 termino
1208 2834 1354 2890 defecerit
1388 2837 1419 2890 in

365 2920 513 2985 solvendo,
534 2919 635 2974 licebit
654 2919 737 2975 nobis
761 2919 949 2975 medietatem
968 2919 1038 2975 dicti
1064 2919 1224 2974 molendini
1250 2929 1282 2974 et
1306 2927 1418 2976 terram

364 3003 536 3076 praedictam
554 3006 584 3059 in
602 3024 706 3059 manus
724 3010 839 3060 nostras
858 3022 971 3075 capere,
992 3009 1022 3058 et
1040 3009 1101 3059 tam
1119 3003 1170 3058 diu
1187 3004 1328 3068 retinere,
1348 3024 1419 3077 quo·

364 3105 458 3160 usque
488 3089 571 3144 nobis
599 3089 729 3161 plenarie
763 3089 947 3144 satisfecerit.
985 3088 1103 3144 Juravit
1128 3088 1227 3152 etiam,
1255 3088 1336 3159 qnod
1364 3108 1418 3145 nae

364 3179 456 3228 artem
474 3192 528 3229 nec
545 3174 698 3245 ingenium
716 3173 859 3246 exquiret,
873 3172 951 3228 undo
970 3173 1073 3228 domus
1090 3179 1191 3228 nostra
1207 3190 1261 3244 per
1280 3179 1416 3229 tenuram

364 3276 447 3314 suam
466 3258 605 3314 damnum
630 3259 771 3323 incurrat,
791 3264 822 3313 et
839 3257 917 3329 quod
943 3257 1130 3312 medietatem
1154 3256 1227 3312 dicti
1253 3258 1417 3313 molendini

364 3362 417 3399 seu
437 3350 546 3398 terram
564 3343 735 3415 praedictam
760 3360 854 3413 neque
872 3341 988 3405 vendet,
1009 3359 1103 3412 neque
1128 3341 1300 3406 ereambiet‚
1321 3361 1416 3413 neque

363 3428 452 3483 alicui
470 3428 501 3482 in
519 3427 636 3482 feodum
650 3435 680 3482 et
696 3425 898 3481 haereditatem
915 3425 1020 3491 tradet,
1040 3443 1134 3495 neque
1153 3425 1191 3480 ad
1208 3425 1301 3480 alium
1320 3427 1417 3482 locum

362 3512 516 3583 religionis
534 3513 700 3575 transferet,
721 3511 784 3565 sine
812 3527 932 3566 assensu
959 3515 989 3564 et
1014 3510 1165 3565 voluntate
1192 3517 1302 3565 nostra.
1342 3509 1417 3566 Ean·

363 3597 430 3652 dem
449 3596 636 3652 securitatem
662 3594 745 3650 nobis
770 3594 878 3650 facient
901 3593 1033 3648 haeredes
1053 3593 1100 3649 sui
1125 3612 1193 3649 cnm
1219 3594 1333 3665 singuli
1360 3595 1416 3651 sibi

363 3681 528 3738 suecedent.
573 3680 613 3735 Et
638 3685 699 3734 tam
723 3679 786 3751 ipso
814 3696 902 3750 quam
929 3675 1060 3734 haeredes
1087 3676 1134 3734 sui
1152 3678 1266 3734 curiam
1284 3687 1415 3736 nostram

363 3771 532 3836 sequentm·.

398 3850 434 3906 In
453 3849 537 3920 eujus
556 3848 609 3914 rei,
630 3854 684 3904 ete.

402 4052 678 4120 DOOOLXXVI.
701 4051 750 4118 Dc
773 4051 962 4138 Rodcsorde
984 4057 1016 4117 ot
1038 4049 1078 4115 dc
1099 4049 1233 4135 illaque
1258 4051 1378 4119 Coeia.

194 4193 263 4244 Al).
279 4201 341 4246 1240
396 4189 552 4247 Universis
583 4190 693 4247 Christi
725 4187 862 4245 fidelibus
892 4181 1052 4260 presentes
1087 4187 1204 4242 litteras
1234 4187 1412 4260 inspecturis

192 4267 283 4311 4268.

192 4405 270 4459 sorde.

360 4273 407 4329 vel
426 4275 580 4340 audituris,
599 4273 728 4340 Petrus,l
747 4274 847 4329 diviua
863 4273 1052 4328 miseratione
1071 4271 1303 4329 Hercfordensis
1323 4274 1411 4330 ecele-

195 4340 234 4389 ⁰f
241 4341 322 4394 Μ’·
361 4357 412 4412 sire
431 4359 565 4414 minister
583 4359 713 4422 humilis,
734 4358 860 4414 salutem
879 4357 909 4411 in
928 4356 1053 4412 Domino
1072 4355 1292 4427 sempiternam.

396 4442 521 4499 Noverit
544 4443 719 4499 universitas
737 4450 845 4509 restra,
867 4442 944 4514 quod
968 4442 1039 4513 jura
1064 4446 1235 4513 patronatus
1262 4439 1298 4497 do
1318 4441 1409 4498 Rode·

362 4526 443 4580 forde
462 4532 492 4582 et
515 4526 551 4582 de
569 4527 679 4599 Magna
703 4527 800 4584 Caura
826 4526 1017 4583 ecclesiarum
1044 4525 1132 4581 certis
1157 4526 1292 4597 personis
1322 4516 1411 4598 quali·

362 4621 476 4681 cunque
494 4612 668 4669 auctoritate
688 4608 750 4668 sive
769 4608 885 4667 concilii
903 4611 966 4666 sive
984 4599 1082 4682 papali
1101 4627 1118 4664 a
1135 4609 1220 4666 nobis
1239 4610 1409 4667 collatarum

622 4814 628 4845 ¹
646 4810 721 4865 Peter
732 4813 763 4863 de
775 4810 921 4878 Egeblanke
932 4825 961 4862 or
971 4802 1142 4876 ligeblauneh.
