3218 5640
365 787 429 851 194
652 795 900 853 ctswmmuu
921 794 1131 851 uouisrnau

363 973 447 1044 ginm
465 990 532 1028 cum
550 969 717 1041 cartillagio
737 968 815 1041 quod
831 970 933 1041 Agnes
957 970 1072 1040 'l'oppes
1097 967 1255 1040 aliquando
1273 965 1414 1023 danobis

363 1057 458 1112 tenuit
474 1057 505 1109 in
516 1055 590 1110 villa
601 1055 639 1110 de
650 1054 856 1126 Aldesworpe;
876 1052 1041 1108 habendum
1055 1058 1085 1107 et
1095 1050 1254 1111 tenendum
1272 1050 1309 1106 de
1327 1050 1414 1106 nobis

364 1147 395 1196 et
412 1139 628 1195 successoribus
645 1137 763 1202 nostris,
782 1138 839 1192 sibi
857 1143 888 1192 et
903 1136 1068 1193 heredibus
1087 1136 1160 1202 suis,
1178 1135 1281 1199 libere,
1301 1134 1413 1206 quiete,

364 1224 447 1288 benc,
466 1229 497 1278 et
514 1225 546 1277 in
563 1240 644 1294 pace,
664 1222 696 1276 in
711 1227 897 1292 perpetuum.

399 1307 558 1361 Reddendo
577 1306 644 1360 inde
661 1306 809 1360 annuatim
821 1303 923 1359 nobis¹
936 1309 966 1358 et
978 1303 1196 1359 successoribus
1213 1302 1334 1366 nostris,
1347 1301 1413 1372 ipse

365 1396 395 1445 ct
418 1391 549 1445 haeredes
576 1390 633 1454 sui,
659 1389 813 1444 duodecim
841 1388 975 1443 denarios
1000 1387 1038 1442 ad
1063 1387 1135 1442 duos
1164 1387 1232 1441 anui
1259 1385 1412 1450 terminos,

365 1473 504 1530 videlicet
529 1473 716 1529 medietatem
734 1473 771 1528 ad
798 1473 906 1527 festum
924 1471 1166 1526 Annuneiationis
1189 1469 1361 1534 Dominicae,
1380 1475 1414 1524 et

365 1557 453 1611 aliam
471 1556 656 1611 medietatem
683 1556 721 1611 ad
745 1557 853 1610 festum
881 1555 981 1610 Sancti
999 1554 1163 1620 Michaelis,
1182 1571 1236 1624 pro
1254 1553 1333 1608 omni
1351 1569 1415 1616 serv

363 1640 436 1696 vitio
454 1646 485 1695 et
502 1640 635 1695 saeculari
654 1639 796 1694 demanda
814 1640 851 1693 ad
868 1657 931 1703 nos,
950 1639 1062 1693 ratione
1081 1638 1152 1692 dicti
1169 1636 1326 1707 mesuagii,
1344 1646 1412 1707 peri

363 1723 484 1779 tinente.
529 1723 612 1778 Idem
642 1741 712 1778 vero
741 1723 907 1777 Willelmus
934 1722 1143 1793 juramentum,
1174 1727 1229 1775 etc.
1279 1719 1413 1776 Eandem

364 1808 550 1862 securitatem
568 1807 652 1862 nobis
670 1807 779 1862 facient
795 1806 890 1877 ipsius
908 1805 1051 1860 Willelmi
1069 1804 1200 1860 haeredes
1218 1821 1286 1858 cum
1298 1802 1413 1875 singuli

363 1891 420 1947 sibi
446 1892 650 1946 successerint.
695 1891 754 1945 Pro
779 1891 834 1945 hac
862 1895 962 1946 autem
987 1890 1172 1945 concessione
1199 1895 1229 1944 et
1253 1887 1413 1943 traditione

361 1981 462 2031 nostra
478 1974 561 2029 dedit
576 1974 660 2029 nobis
672 1973 750 2028 idem
762 1974 929 2031 Willelmus
946 1973 1055 2044 viginti
1073 1973 1181 2028 solidos
1200 1973 1413 2043 sterlingorum

361 2076 422 2129 prta
440 2058 585 2112 manibus.

397 2141 433 2196 In
451 2142 545 2210 cujus,
566 2146 623 2197 ete.

361 2411 486 2479 DCCL.
509 2413 662 2498 Auteney
683 2433 788 2497 super
809 2433 993 2477 omnemne
1023 2419 1175 2498 paeturoe
1194 2410 1295 2497 prati
1318 2409 1413 2497 quod

723 2520 863 2579 vocatur
885 2512 1048 2579 Estbroke.

193 2689 261 2739 AD.
276 2693 340 2740 127⁸
397 2688 562 2744 Jordanus²
579 2689 608 2742 le
626 2690 831 2760 Fraunkeleyn
857 2690 907 2761 qui
932 2691 1002 2745 tulit
1025 2690 1113 2744 breve
1132 2689 1233 2744 assiste
1250 2706 1334 2744 novae
1352 2688 1415 2744 dis·

192 2760 284 2806 ·¹²⁷⁹·
363 2773 487 2845 seysiuae
504 2790 608 2827 versus
627 2773 761 2828 abbatem
780 2773 973 2829 Gloucestriae
999 2780 1029 2828 et
1046 2773 1229 2827 Willelmum
1247 2771 1284 2826 dc
1302 2771 1413 2828 Linke-

194 2838 319 2888 ΟΜΝ·
360 2857 449 2920 holte,
463 2855 646 2910 Willelmum
663 2856 692 2910 le
712 2857 896 2931 Stalcworpe,
909 2857 929 2911 J
930 2857 1072 2912 ohannem
1084 2857 1184 2928 Kyng,
1199 2861 1229 2911 et
1247 2855 1414 2912 Robertum

192 2919 250 2969 ω’
360 2940 504 3010 Kynstau‚
519 2940 554 2994 de
567 2957 720 2994 commune
737 2947 865 3012 pasturae
884 2958 944 2996 suae
962 2941 993 2994 in
1005 2940 1192 3011 Upameneye
1205 2957 1270 3010 qnoe
1282 2941 1415 3010 pertinet

361 3023 398 3078 ad
415 3022 542 3076 liberum
560 3028 759 3078 tenementum
778 3043 864 3080 snum
883 3025 914 3078 in
932 3024 1034 3078 eadem
1045 3024 1127 3088 villa,
1141 3024 1223 3078 venit
1240 3029 1271 3077 et
1287 3024 1416 3079 retraxit

360 3124 401 3172 se,
421 3106 487 3161 ideo
506 3107 569 3179 ipse
588 3113 618 3162 et
636 3108 727 3179 plegii
747 3109 793 3163 sui
812 3109 848 3163 de
866 3106 1067 3180 prosequendo
1085 3107 1116 3160 in
1134 3106 1348 3162 misericordia.

804 3388 948 3456 DOCLI.

395 3571 519 3626 Postea¹
536 3570 673 3627 convenit
692 3570 768 3626 inter
785 3572 958 3643 praedictum
976 3574 1121 3637 abbatem,
1141 3579 1172 3628 et
1188 3573 1286 3644 ipsum
1304 3572 1326 3628 J
1326 3572 1415 3630 orda-

260 3688 266 3695 -
358 3673 439 3718 num,
460 3655 537 3726 quod
555 3655 713 3726 praedictus
732 3654 820 3709 abbas
839 3656 982 3710 concessit
1005 3674 1058 3726 pro
1082 3673 1123 3720 se,
1143 3662 1173 3711 et
1191 3658 1415 3713 successoribus

359 3738 422 3793 suis
439 3739 578 3810 praedicte
597 3737 725 3792 Jordano
751 3744 780 3791 et
808 3737 973 3792 hoercdibus
992 3739 1053 3794 suis
1072 3757 1257 3794 communem
1279 3747 1412 3811 pastnrae

359 3821 389 3876 in
407 3822 532 3894 quodam
550 3827 634 3894 prato
652 3821 730 3891 quod
747 3827 869 3876 vocetur
885 3821 1029 3877 Estbroke
1049 3824 1126 3894 quod
1144 3824 1274 3879 continet
1290 3824 1414 3880 circiter

358 3906 483 3977 triginta
506 3924 588 3961 acras
612 3905 649 3960 ad
672 3904 942 3959 communicandam
968 3907 999 3960 in
1026 3907 1127 3961 eodem
1155 3914 1240 3978 prato
1259 3925 1277 3963 a
1294 3908 1412 3965 decimo

358 3988 407 4043 die
432 3995 498 4059 post
526 3990 634 4044 festum
653 3987 753 4042 Sancti
772 3987 936 4052 Michaelis,
956 4007 1048 4059 usqne
1075 3990 1112 4044 ad
1138 3992 1247 4046 festum
1266 3991 1412 4048 Purifica-

358 4072 447 4127 tionis
465 4074 565 4127 Beatte
590 4071 702 4135 Mariae,
723 4089 790 4126 eum
817 4072 951 4126 omnibus
979 4073 1086 4128 averiis
1114 4075 1252 4146 propriis,
1273 4075 1408 4147 exceptis

358 4157 464 4226 porcis.
503 4156 541 4210 Bt
559 4155 715 4227 predictus
736 4154 755 4208 J
757 4156 882 4210 ordanus
898 4155 1035 4227 cognovit
1052 4162 1083 4211 et
1101 4157 1252 4221 concessit,
1266 4176 1365 4229 prose
1378 4165 1412 4215 et

358 4238 523 4293 haeredibus
537 4239 608 4302 suis,
624 4238 701 4307 qnod
713 4237 786 4308 ipse,
800 4257 854 4292 nec
865 4238 996 4293 haeredes
1010 4240 1065 4304 sui,
1080 4240 1208 4310 aliquam
1221 4259 1411 4298 communem

359 4320 401 4375 ibi
419 4321 536 4385 habere,
553 4339 607 4377 nec
625 4322 751 4376 clamare
769 4322 904 4392 poterint,
925 4323 981 4377 nisi
1000 4328 1130 4395 tempore
1148 4324 1297 4396 praedicto.

412 4568 420 4597 ¹
436 4583 488 4617 cun
501 4568 523 4617 is
533 4567 643 4619 inserted
654 4569 681 4618 in
693 4569 736 4618 the
747 4569 805 4620 MS.
816 4570 902 4620 before
912 4578 943 4630 et,
954 4571 999 4619 but
1010 4570 1072 4619 with
1082 4569 1125 4620 the
1137 4571 1194 4636 sign
1205 4572 1236 4621 of
1241 4587 1352 4624 erasme.

409 4648 419 4676 ²
435 4645 462 4696 Α
473 4647 613 4709 repetition,
624 4648 687 4698 with
697 4649 841 4709 variatione,
854 4648 885 4697 οἰ
892 4648 939 4699 No.
951 4649 1067 4698 XXXII.
1080 4651 1157 4711 (cate,
1168 4651 1218 4702 vol.
1229 4651 1247 4701 i
1258 4667 1283 4716 p.
1300 4656 1369 4719 16⁵).

408 4724 419 4754 ¹
435 4723 463 4774 A
473 4726 613 4788 repetition,
623 4727 686 4779 vith
696 4727 843 4791 variatione
854 4728 885 4779 of
891 4728 941 4780 No.
952 4728 1081 4780 mm
1093 4729 1170 4793 (eeu,
1180 4730 1230 4782 vol.
1243 4731 1260 4781 'n
1271 4746 1295 4795 p.
1312 4736 1384 4799 166).
