3218 5640
382 768 446 831 102
668 780 919 833 amissimus
940 783 1148 834 mosisrmn

379 956 478 1012 abbati
497 963 527 1012 et
546 957 700 1012 conventui
723 958 778 1013 toti
797 959 938 1023 fecerunt,
962 964 992 1013 ei
1009 959 1065 1014 hoe
1084 960 1163 1014 idem
1182 960 1234 1015 ubi
1256 965 1286 1014 ei
1310 958 1429 1030 quando

381 1045 518 1096 eicerem
535 1042 640 1112 quibus
653 1042 741 1098 abbas
754 1052 785 1098 et
796 1049 954 1098 convenius
966 1044 1114 1099 voluerint
1126 1044 1223 1109 faciet,
1233 1062 1251 1099 a
1259 1042 1429 1114 junioribus

381 1125 469 1180 etiam
487 1126 556 1181 filiis
575 1126 636 1182 suis
656 1144 723 1182 eum
742 1127 779 1182 ad
799 1132 913 1183 aeiaiem
931 1129 1066 1184 venerint
1081 1129 1114 1184 id
1129 1130 1227 1201 ipsum
1248 1129 1311 1184 fieri
1328 1128 1428 1183 faciei.

380 1208 480 1264 Abbas
497 1228 567 1265 vero
586 1210 760 1267 Hamelinua
779 1218 810 1268 ei
828 1221 986 1268 conventus
1007 1212 1200 1269 Gloucestriae
1221 1218 1430 1269 concesserunt

381 1292 476 1349 eidem
499 1294 628 1351 Waltere
652 1296 724 1353 duaa
748 1298 879 1368 virgatas
903 1303 990 1352 terra
1014 1297 1044 1352 in
1069 1298 1217 1353 Rodeford
1240 1297 1430 1354 haereditario

377 1377 455 1448 jure,
474 1379 582 1435 liberas
606 1386 636 1435 ei
657 1382 771 1451 quietas
795 1382 831 1436 ab
856 1382 935 1437 omni
959 1382 1087 1448 servitio,
1114 1382 1150 1437 de
1174 1382 1258 1438 nobis
1276 1381 1428 1446 tenendas,

381 1469 500 1534 excepto
512 1464 590 1535 qued
607 1463 684 1520 intra
696 1465 866 1522 comitatum
879 1466 1070 1522 Gloueesiriae
1083 1467 1218 1537 quotiens
1231 1471 1430 1538 competenter

381 1549 574 1604 summonitus
596 1550 694 1616 fuerit,
719 1552 828 1606 serviet
847 1551 927 1607 solus
951 1552 998 1607 vel
1021 1569 1088 1607 cum
1107 1553 1248 1608 monache
1266 1571 1343 1624 equo
1362 1569 1430 1623 pro·

380 1633 444 1704 prio
466 1639 496 1688 ei
516 1634 680 1705 sumptibus
701 1635 824 1691 abbatis.
863 1636 1006 1691 Similiter
1024 1636 1060 1691 ad
1080 1637 1267 1702 Londoniam‚
1288 1643 1318 1692 ei
1337 1636 1430 1707 Wyn·

379 1717 498 1781 ioniam,
521 1724 551 1772 ci
572 1718 609 1772 ad
632 1719 772 1774 Sanctum
794 1720 963 1786 Paternum,
985 1721 1075 1777 semel
1095 1722 1125 1776 in
1144 1741 1218 1777 anno
1238 1722 1302 1787 ibit,
1325 1721 1351 1776 ai
1372 1721 1430 1776 sibi

376 1801 493 1872 jussum
513 1802 612 1866 suerit,
627 1809 657 1857 ei
675 1804 842 1859 eorredium
861 1805 918 1859 sibi
937 1811 968 1860 et
986 1806 1097 1860 homini
1110 1812 1140 1861 ci
1155 1825 1231 1878 equo
1244 1825 1297 1862 suo
1315 1805 1430 1859 duabus

378 1886 493 1941 vicibus
513 1886 544 1939 in
555 1886 673 1942 mense¹
687 1888 712 1943 si
734 1888 770 1942 ad
783 1889 861 1960 ipsos
881 1890 1003 1955 venerit,
1021 1889 1097 1946 sicut
1117 1890 1168 1945 alii
1189 1890 1275 1946 liberi
1295 1889 1430 1946 homines

378 1970 507 2026 eeclesia
529 1969 731 2036 Gloueeeiiiae,
754 1972 882 2028 habebit.

414 2054 513 2125 Hujus
533 2055 576 2110 rei
597 2061 686 2112 testes
708 2063 784 2123 sunt,
807 2063 861 2113 etc.

715 2303 876 2371 DXCIII.
899 2304 948 2371 De
970 2306 1087 2372 eodem.

213 2454 359 2508 A.D.1219
417 2457 569 2515 Univereis
598 2459 711 2515 Sanciae
741 2460 845 2514 Matris
876 2460 1016 2516 Ecclesia
1043 2461 1112 2515 filiis
1139 2461 1176 2516 ad
1202 2478 1274 2532 quos
1300 2477 1431 2532 praesens

214 2529 305 2573 ’¹²³⁴'
380 2543 523 2616 scriptum
547 2543 721 2615 pervenerit,
748 2542 890 2614 Η[ιιρ;ο],Β
908 2543 964 2598 Dei
994 2546 1091 2615 gratia
1117 2544 1343 2599 Herefordensis
1369 2545 1431 2616 epi·

212 2600 302 2719 ffie
383 2646 497 2700 scopus,
517 2635 656 2683 aternam
674 2628 705 2682 in
723 2626 848 2682 Domino
868 2629 1001 2684 salutem.

282 2705 288 2719 '
417 2713 510 2768 Gum³
528 2730 602 2767 aimo
626 2713 662 2768 ab
681 2712 883 2767 Incarnatione
901 2712 1020 2767 Domini
1046 2713 1204 2769 millesimo
1229 2713 1432 2768 ducentesimo

381 2796 493 2852 decimo
519 2815 604 2862 nono,
623 2797 701 2851 inter
727 2796 923 2852 venerabilem
941 2797 1038 2853 virum
1062 2795 1276 2868 H[enricum],⁴
1294 2797 1433 2852 abbatem

382 2888 412 2936 et
430 2887 603 2937 conventum
626 2880 817 2936 Gloucestriae
846 2899 881 2936 ex
905 2900 963 2936 una
989 2888 1081 2952 parte,
1102 2888 1132 2938 ei
1155 2882 1332 2954 magistrum
1350 2882 1433 2937 Wal-

382 2972 478 3020 terum
496 2964 532 3020 de
546 2964 718 3021 Gersinione
736 2971 882 3021 rectorem
900 2966 1031 3021 eeclesiae
1045 2967 1081 3021 de
1093 2965 1258 3020 Rodeforde
1271 2984 1306 3021 ex
1324 2966 1430 3030 altera,

383 3068 470 3121 super
482 3049 603 3105 decimis
622 3050 803 3121 quorundam
822 3055 1001 3105 assariorum
1018 3056 1048 3105 et
1060 3050 1291 3106 molendinorum
1310 3056 1340 3104 et
1358 3048 1433 3104 foeni

382 3134 412 3188 in
436 3136 573 3206 parochia
599 3135 634 3189 de
654 3134 826 3198 Rodesorde‚
847 3141 877 3189 ei
904 3135 1029 3205 quodam
1056 3134 1157 3190 servili
1185 3134 1324 3204 obsequio
1352 3133 1433 3204 quod

381 3218 523 3274 auxilium
549 3220 661 3274 abbatis
688 3225 881 3290 nuncupatur,
911 3225 941 3273 et
967 3220 1060 3274 libera
1086 3220 1222 3284 moltura,
1250 3224 1279 3272 eb
1305 3217 1432 3289 quodam

381 3302 465 3359 horto
492 3303 570 3375 apud
588 3303 713 3369 Ledeue,
734 3310 764 3359 et
790 3310 910 3375 pastura
926 3304 958 3357 in
982 3302 1127 3358 dominico
1155 3302 1287 3373 ejusdem
1305 3301 1431 3366 abbatis,

381 3394 412 3442 et
436 3388 523 3443 rebus
549 3386 637 3453 aliis‚⁶
663 3388 786 3458 quaestio
814 3404 911 3442 eoram
936 3387 1019 3442 nobis
1046 3392 1219 3453 verberetur,
1239 3386 1371 3459 partibus
1400 3386 1432 3440 in

380 3472 537 3543 prasentia
553 3478 655 3527 nostra
673 3471 850 3527 sufficienter
868 3472 1044 3538 constitutis,
1064 3477 1126 3526 iam
1143 3471 1180 3525 ad
1198 3468 1432 3542 componendum

381 3574 469 3628 quam
499 3555 537 3610 ad
565 3555 751 3626 litigandum,
780 3554 892 3610 decimo
918 3561 1018 3611 octavo
1044 3554 1183 3610 kalendas
1210 3554 1292 3618 Maii,
1312 3552 1432 3608 tandem

380 3640 418 3695 lis
444 3640 637 3696 amicabiliter
663 3640 832 3710 conquievit
855 3639 911 3695 hoe
929 3641 994 3704 fine,
1014 3639 1152 3695 videlieet
1178 3638 1256 3710 quod
1282 3638 1371 3693 abbas
1400 3645 1433 3694 et

296 3713 299 3720 ¹
380 3730 538 3782 conventus
559 3725 749 3780 Glauccstriae
768 3731 975 3780 concesserunt
993 3724 1071 3780 dicto
1088 3724 1232 3795 magistro
1250 3723 1382 3779 Waltero
1401 3730 1433 3779 et

380 3810 442 3865 suis
461 3810 688 3874 successoribus,
708 3809 739 3862 in
765 3808 888 3863 eeclesia
906 3807 941 3863 de
961 3807 1133 3874 Rodeforde‚
1155 3808 1281 3862 decimas
1303 3807 1375 3862 foeni
1393 3806 1432 3862 de

379 3894 472 3966 pratis
502 3894 610 3950 habitis
647 3913 665 3948 a
699 3892 818 3947 rusticis
855 3893 890 3946 de
920 3893 1047 3949 Hamme
1080 3893 1157 3948 infra
1195 3892 1363 3964 parochiam
1394 3891 1433 3948 de

380 3978 555 4034 Rodeserde.
600 3977 748 4033 Praeterea
778 3977 956 4033 exactionem
986 3977 1119 4049 praedicti
1149 3977 1265 4033 servilis
1295 3976 1432 4049 obsequii

382 4061 460 4134 quod
489 4061 546 4134 ipsi
577 4080 595 4116 a
623 4061 745 4133 praefaio
772 4062 915 4132 magistro
940 4061 1070 4117 Walters
1097 4067 1266 4132 exegerunt,
1299 4060 1432 4131 quictem

382 4146 478 4201 eidem
505 4145 601 4216 quoad
626 4144 734 4200 vixerit
752 4143 959 4209 clamaverunt,
980 4144 1060 4200 salvo
1079 4151 1145 4215 pest
1163 4144 1316 4201 decessum
1335 4144 1431 4217 ipsius

417 4368 532 4436 ¹mense]
551 4383 644 4430 mensa,
656 4367 713 4418 MS.
961 4367 1075 4432 ⁴Henry
1086 4366 1172 4418 Blont.

416 4451 426 4479 ²
442 4450 522 4514 Hugh
533 4449 622 4498 Foliot.

415 4530 425 4558 ³
441 4529 473 4578 In
484 4529 527 4578 the
542 4527 640 4593 margin
656 4526 716 4576 here
735 4521 758 4573 is
775 4522 883 4576 inserted
960 4524 1057 4594 ⁸aiiis]
1075 4526 1192 4592 repeated
1207 4526 1235 4577 in
1248 4527 1313 4590 Ms„
1325 4528 1372 4580 but
1388 4528 1432 4582 the

381 4607 435 4658 ina
453 4610 516 4658 later
531 4608 600 4658 hand
610 4606 661 4657 this
678 4613 746 4665 note,
761 4603 882 4654 Molendi-
926 4608 1066 4657 redundant
1076 4609 1146 4658 word
1156 4608 1178 4659 is
1193 4609 1297 4661 marked
1308 4611 1371 4663 sith
1387 4611 1432 4662 the

382 4704 437 4736 num
457 4687 486 4737 de
509 4685 637 4750 Radfhrde
660 4690 746 4734 contra
771 4691 882 4734 rectorem
926 4686 983 4752 sign
995 4687 1025 4737 of
1032 4702 1139 4741 erasure.

376 4783 425 4832 pro
435 4767 469 4818 ai.
481 4764 570 4817 aolidae.
