3218 5640
367 721 410 791 70
648 732 896 789 calaronam
918 739 1128 789 uosssrnan

367 910 567 976 Gloucestriaa,
606 916 636 967 et
675 911 807 967 homines
849 930 926 978 suos,
967 919 1070 978 terras,
1108 931 1165 978 res,
1203 913 1344 980 redditus,
1382 921 1414 971 et

367 1013 466 1050 omnes
484 995 681 1066 possessiones
700 1014 786 1062 suas;
816 1004 846 1051 et
869 997 934 1052 ideo
952 998 1035 1053 vobis
1053 998 1225 1053 mandamus
1243 1000 1322 1070 quod
1339 1017 1412 1070 praa·

366 1080 459 1134 dictes
487 1079 621 1135 abbatem
648 1084 678 1134 ct
702 1076 865 1146 monachos,
895 1087 925 1136 ot
949 1081 1081 1136 homines
1107 1100 1184 1148 suos,
1216 1090 1320 1148 terras,
1351 1101 1410 1149 res,

365 1162 507 1226 redditus,
527 1170 558 1218 et
581 1181 680 1218 omnes
698 1165 895 1235 possessiones
914 1184 981 1220 suas
999 1166 1220 1230 manuteneatis,
1239 1168 1412 1239 protegatis,

366 1253 396 1302 et
422 1247 594 1313 defendatis,
614 1248 725 1303 nullam
751 1250 794 1303 eis
820 1249 978 1304 inserentes
1005 1256 1056 1304 aut
1080 1250 1183 1304 infami
1209 1251 1412 1321 permittentes

366 1331 513 1401 injuriam,
542 1332 716 1396 molestiam,
742 1333 890 1396 damnum,
919 1340 970 1387 aut
1000 1351 1167 1404 gravamen.
1216 1334 1256 1389 Et
1285 1334 1311 1389 si
1341 1335 1413 1405 quid

365 1416 408 1470 cis
427 1416 517 1470 fuerit
534 1416 726 1481 forisfactum,
747 1417 777 1470 id
796 1417 838 1471 eis
858 1417 920 1471 sine
938 1417 1077 1472 dilatione
1096 1418 1185 1472 facias
1205 1419 1362 1473 emendari.

400 1499 469 1553 Hiis
487 1501 621 1565 testibus,
637 1500 656 1553 J
660 1497 796 1570 [occlino]
811 1500 1008 1565 Buthoniensi,
1029 1499 1182 1569 R[icard0]
1203 1501 1413 1557 Saresbiriensi

366 1583 519 1655 episcopis,
534 1582 696 1654 H[uberto]
711 1583 747 1638 de
760 1584 861 1654 Burgo
873 1586 979 1640 comite
992 1585 1113 1648 Cantiae,
1124 1585 1289 1655 justiciario
1301 1592 1411 1649 nostro,

366 1667 520 1738 Radulpho
550 1667 610 1723 filie
639 1667 785 1731 Nicholai,
817 1668 943 1723 Ricardo
969 1668 1005 1724 de
1035 1668 1209 1739 urgentem,
1241 1669 1410 1724 senescallis

365 1751 482 1816 nostris,
502 1752 632 1807 Henrico
649 1752 685 1806 de
704 1751 833 1822 Capella,
853 1758 884 1807 et
901 1752 976 1807 aliis.

401 1836 510 1890 Datum
546 1854 599 1907 per
634 1854 753 1890 manum
788 1835 965 1890 venerabilis
1001 1833 1178 1906 R[adulphi]
1210 1834 1412 1906 Cyccstrensis

365 1919 494 1990 episcopi
518 1920 684 1974 emicellarii
709 1919 811 1984 nostri,
839 1919 917 1989 apud
941 1918 1243 1985 Wcstmonasterium,
1272 1920 1412 1976 vicesimo

363 2002 450 2058 tertio
468 2002 516 2056 die
534 2001 645 2066 Martii,
665 2020 739 2058 anno
756 2003 841 2070 regni
859 2003 951 2058 nostri
973 2003 1133 2058 undecimo.

734 2275 835 2340 DXL.
859 2276 908 2340 Dc
922 2276 1042 2340 codam.

196 2446 264 2496 A.D.
279 2453 341 2498 1148
400 2450 574 2521 Stephanus,
589 2467 639 2504 rex
652 2448 780 2518 Angliae,
795 2449 929 2503 omnibus
938 2449 1124 2518 justiciariis,
1139 2454 1169 2504 ct
1180 2449 1413 2514 vicecomitibus,

194 2518 286 2564 '¹¹⁵4
363 2540 393 2589 ot
419 2534 586 2598 baronibus
618 2539 649 2588 et
673 2533 825 2597 ministris,
853 2538 883 2587 et
910 2532 1044 2587 fidelibus
1075 2532 1136 2586 suis
1167 2532 1258 2588 tetius
1284 2533 1411 2604 Angliae,

197 2592 284 2642 ΟΜΝ
363 2618 497 2672 salutern.

401 2701 508 2755 Sciatis
533 2699 627 2770 quod¹
647 2699 820 2754 Hamelinus
845 2700 933 2754 abbas
961 2699 1152 2754 Gloucestrioe
1176 2707 1206 2755 ot
1230 2701 1328 2755 emnia
1359 2721 1414 2756 sua

362 2785 478 2838 suntin
497 2802 561 2838 meo
579 2783 659 2837 selvo
678 2783 830 2849 conductu,
851 2783 930 2837 etin
942 2801 1008 2837 mea
1024 2784 1109 2837 firma
1120 2801 1212 2854 paco:
1234 2803 1325 2855 quare
1343 2786 1412 2840 volo

361 2875 392 2922 ct
417 2868 556 2938 praecipio
582 2867 660 2937 quod
686 2868 749 2938 ipse
775 2873 805 2922 et
830 2869 930 2922 omnia
954 2886 1008 2922 sua
1035 2874 1065 2922 ct
1088 2885 1187 2922 omncs
1214 2869 1261 2922 sui
1285 2867 1412 2924 habeant

361 2952 476 3007 salvum
494 2952 537 3006 ire
562 2958 591 3007 et
622 2958 699 3006 stare
725 2958 754 3006 et
779 2952 874 3006 redire
900 2969 952 3022 per
977 2957 1068 3006 totam
1096 2969 1196 3021 pacem
1222 2969 1327 3006 meam.
1372 2953 1413 3010 Et

360 3036 459 3091 nullus
479 3053 567 3107 super
584 3037 639 3090 hoe
658 3053 725 3090 eum
742 3036 790 3090 vel
809 3053 856 3089 res
875 3053 942 3091 suas
961 3036 1069 3105 injuste
1088 3034 1243 3100 disturbet,
1263 3041 1318 3091 etc.

449 3307 567 3373 DXLI.
609 3306 657 3372 De
676 3305 880 3393 protectione
904 3305 938 3372 θ.
954 3305 1086 3371 censitis
1109 3304 1318 3372 Gloecestriae.

395 3480 430 3535 G.
451 3479 487 3534 de
506 3478 601 3542 Clare,
622 3495 718 3532 comes
738 3475 946 3531 Gloeeestriae²
964 3482 994 3531 et
1011 3475 1223 3540 Herthsordiae,
1245 3476 1406 3530 senescallo

359 3583 412 3620 suo
442 3569 472 3618 et
506 3563 669 3618 forestariis
698 3561 759 3616 suis
789 3567 819 3615 et
845 3560 960 3616 cacteris
990 3559 1109 3614 ballivis
1137 3560 1197 3614 suis
1229 3558 1265 3614 de
1295 3560 1406 3614 bonore

359 3649 560 3713 Gloucestriae,
581 3646 715 3702 salutem.

405 3733 511 3788 Sciatis
538 3749 591 3786 nos
609 3731 774 3801 suscepisse
800 3730 831 3783 in
849 3729 1057 3799 protectionem
1075 3733 1204 3783 nostram
1223 3727 1358 3783 abbatem
1377 3736 1407 3783 ct

357 3817 513 3872 monachos
538 3814 739 3878 Gloucestriae,
769 3820 799 3868 ct
824 3813 956 3867 homines
976 3830 1062 3876 suos;
1089 3818 1120 3866 et
1144 3813 1241 3866 omnia
1268 3830 1322 3867 sua
1339 3830 1405 3883 quae

356 3901 465 3956 habent
482 3901 513 3955 in
532 3898 616 3953 seodo
634 3905 746 3952 nostro.
784 3898 824 3951 Et
849 3897 914 3951 ideo
933 3897 1016 3951 vobis
1034 3895 1206 3951 mandamus
1223 3914 1260 3950 ne
1279 3896 1337 3951 sibi
1355 3897 1403 3951 vel

356 3987 417 4040 suis
435 3986 468 4039 in
485 3984 583 4055 aliquo
601 3981 766 4036 molestiam
784 3981 912 4050 aliquam
929 3980 1073 4044 inseratis,
1092 3987 1144 4034 aut
1162 3997 1330 4050 gravamen,
1350 3998 1404 4035 nec

356 4068 459 4123 inferri
477 4066 654 4138 permittatis
676 4072 778 4119 contra
793 4063 950 4133 justitiam,
971 4081 1023 4118 nee
1043 4069 1145 4118 contra
1162 4070 1294 4118 tenorem
1313 4071 1402 4119 cartae

356 4170 444 4223 quam
470 4152 506 4205 de
529 4150 613 4205 nobis
638 4148 754 4203 habent.
792 4147 831 4201 Et
858 4147 888 4200 in
915 4147 1003 4218 hujus
1030 4146 1074 4201 rei
1100 4147 1302 4202 testimonium
1331 4147 1404 4203 has³

355 4236 469 4290 litteras
488 4240 601 4288 nostrus
621 4233 664 4287 eis
683 4231 815 4294 fecimus,
836 4236 890 4285 ete.

376 4391 384 4395 .
399 4388 632 4395 ...-------
694 4388 711 4391 -η
741 4386 769 4390 --
797 4384 916 4391 ---·..-.
1333 4386 1396 4399 p.—

387 4483 392 4511 ¹
411 4478 487 4543 quod]
507 4478 572 4542 quia,
584 4477 641 4528 MS.
901 4474 985 4525 before
997 4484 1028 4537 et,
1039 4477 1084 4524 but
1095 4474 1156 4523 with
1168 4475 1211 4527 the
1228 4475 1285 4540 sign
1304 4477 1336 4526 of
1349 4493 1403 4528 era·

385 4561 395 4589 '²
406 4557 512 4607 omnihus
523 4555 681 4605 baronibusct
692 4553 788 4603 ballivis
799 4555 851 4602 arria
901 4569 965 4604 sure.

352 4637 380 4687 ‹le
402 4635 493 4703 Anplc‘e
515 4640 537 4684 is
558 4635 668 4685 inserted
688 4634 716 4682 in
734 4633 776 4682 the
794 4631 849 4683 MS.
933 4632 1019 4698 'tas]
1038 4632 1107 4693 haas,
1118 4632 1174 4683 MS.
