3218 5640
512 831 539 879 s
564 828 668 879 surm
690 827 944 878 omucusms„
1189 814 1254 878 269

200 1006 350 1068 clericum,
377 1004 415 1059 ad
441 1003 584 1075 capellam
610 1002 646 1056 dc
671 1002 874 1057 Nimdesl'elde
901 1002 1083 1066 admisimus,
1103 1013 1133 1058 et
1159 1004 1254 1075 ipsum

202 1092 383 1146 instituimus
395 1090 533 1144 canonice
550 1100 695 1142 rectorem
708 1089 739 1140 in
751 1086 863 1151 eadem,
877 1087 965 1143 salvis
978 1089 1145 1142 memoratis
1158 1088 1255 1142 abbati

202 1187 233 1230 et
249 1176 404 1230 murentui
431 1192 465 1228 ac
492 1172 606 1226 matrici
633 1172 764 1226 eeclesia
789 1172 826 1226 de
854 1172 1040 1227 Proucestria
1071 1172 1255 1243 portionibus

201 1260 308 1314 debitis
326 1270 356 1313 et
373 1259 531 1312 consumis.

239 1344 274 1401 lu
294 1345 378 1413 cnjus
396 1344 439 1398 rei
459 1341 669 1406 testimonium,
690 1349 745 1396 eto.

339 1618 554 1686 DCCCLVI.
582 1619 690 1696 Orare,
707 1617 833 1684 scilieet
856 1617 897 1683 ‹Ie
918 1618 1123 1684 molendino.

239 1753 350 1809 Notum
370 1756 408 1809 sit
436 1754 583 1815 omnibns,
611 1763 672 1808 tam
700 1755 893 1825 presentibus
921 1772 1008 1825 quam
1037 1755 1153 1818 suturis,
1179 1754 1258 1825 qnod
1270 1754 1310 1805 01
1315 1757 1407 1808 Ome.

204 1856 271 1892 rum
298 1855 375 1894 esset
402 1840 601 1894 controversia
622 1840 699 1892 iuter
716 1839 866 1893 domiuum
885 1839 1048 1894 Jobaunem
1071 1839 1204 1893 abbatem
1228 1843 1287 1894 ets.
1300 1841 1378 1893 2146.

204 1936 378 1976 conventum
392 1922 491 1977 Sancti
504 1923 586 1976 Petri
600 1920 794 1977 Glaucestriae
812 1932 843 1976 ct
860 1923 1023 1977 Walterum
1036 1922 1073 1976 de
1085 1923 1257 1994 Muscegros

205 2006 355 2061 dominnm
374 2007 409 2060 de
429 2006 614 2061 Lasseudone
632 2007 873 2077 proquibusdam
892 2007 1066 2062 molendinis
1085 2026 1150 2079 quae
1168 2008 1257 2062 iidem

205 2091 293 2144 abbas
326 2101 354 2144 ct
387 2100 546 2145 conventus
574 2090 745 2144 levaverunt
772 2093 802 2145 in
828 2100 908 2145 terra
937 2110 1038 2145 eornm
1067 2093 1186 2163 propria
1221 2091 1258 2145 ad

205 2189 318 2246 portam
345 2177 437 2229 vineae
468 2192 529 2228 snae
556 2174 640 2243 juxta
665 2173 770 2240 overe,
799 2194 888 2246 super
912 2176 1043 2230 rivulum
1062 2178 1112 2247 qui
1139 2183 1259 2231 vocatur

205 2259 331 2321 Ledeue,
357 2260 434 2314 dicta
461 2260 658 2313 controversia
683 2260 738 2313 sub
765 2261 912 2314 amicabili
940 2262 1147 2332 compontione
1172 2261 1257 2315 finem

205 2346 286 2415 cepit
312 2346 340 2397 iu
368 2345 445 2397 bunc
469 2343 609 2408 modum3
637 2343 776 2398 videlicet
794 2344 873 2413 quod
897 2344 993 2399 dictus
1021 2345 1179 2408 Walter-us,
1205 2365 1259 2418 pro

206 2428 281 2482 bono
319 2429 409 2498 pacis
438 2428 592 2489 concessit,
620 2427 744 2491 remisit,
774 2436 803 2482 et
827 2428 958 2498 quietum
990 2429 1137 2492 clamarit,
1172 2430 1259 2484 dictis

207 2512 305 2566 abbati
324 2523 354 2565 et
370 2512 525 2565 conventui
545 2511 747 2575 Gloucestriae‚
777 2521 807 2567 et
833 2531 933 2566 eornm
960 2514 1187 2577 successoribus,
1207 2533 1260 2585 pro

208 2615 240 2651 sc
270 2611 300 2651 et
330 2596 494 2650 heredibus
526 2597 598 2658 suis,
624 2604 717 2650 totum
742 2597 879 2650 claruium
911 2606 940 2652 et
970 2605 1059 2652 totam
1084 2598 1259 2653 calumniam

208 2698 296 2751 quam
322 2680 461 2734 clamavit
488 2698 592 2734 versus
622 2679 739 2733 eosdem
763 2682 913 2735 occasione
937 2682 1170 2737 molendinorum
1194 2701 1261 2738 cou-

208 2774 386 2819 structorum
413 2763 451 2817 ad
477 2774 684 2818 nocumentum
712 2767 868 2819 tenemeuti
896 2768 942 2820 sui
965 2768 994 2820 in
1013 2766 1208 2831 Lassendone,
1228 2781 1261 2822 ut

208 2850 333 2912 dicebat,
354 2851 395 2903 ita
414 2848 491 2919 qnod
505 2847 593 2902 iidem
612 2848 701 2902 abbas
721 2857 751 2903 et
768 2861 928 2906 conventus
941 2851 1132 2906 Glaucesniae
1150 2853 1262 2923 absque

207 2935 307 3005 aliquo
323 2933 532 3004 impedimento
545 2933 616 2987 dicti
628 2933 752 2987 Walteri
772 2935 818 2987 sel
837 2935 987 2990 baeredum
998 2955 1119 2991 suorum
1137 2938 1261 2998 habeant

207 3019 238 3073 in
266 3037 337 3090 μεθ
363 3017 441 3073 dicta
465 3017 641 3080 molendina,
678 3025 709 3071 et
734 3025 872 3089 stagnum
893 3028 922 3073 et
940 3021 1072 3075 exclusas
1097 3022 1134 3075 ad
1159 3022 1261 3076 eadem

208 3103 373 3158 molendina
408 3103 578 3173 spectantia,
616 3101 748 3171 ejusdcm
785 3103 952 3158 altitudinis
989 3113 1023 3159 ut
1059 3107 1177 3160 suerunt
1213 3107 1261 3160 die

206 3187 395 3243 ascensionis
432 3187 550 3240 Domini
587 3203 664 3240 auno
699 3187 782 3257 regni
819 3189 900 3257 regis
936 3189 1060 3244 Hearici
1096 3189 1149 3243 filii
1180 3191 1261 3258 regis

208 3272 350 3327 «lobannis
380 3272 530 3326 tricesimo
560 3270 697 3333 secundo,
729 3272 770 3325 ita
810 3271 887 3341 quod
918 3271 1015 3327 dictim
1052 3273 1202 3328 Waltcrns
1232 3283 1263 3329 et

207 3357 339 3412 heredes
357 3357 404 3410 sui
423 3357 453 3409 iu
470 3355 553 3409 nullo
578 3355 739 3425 impedient
765 3355 900 3408 abbatem
926 3362 956 3409 et
979 3365 1154 3410 conventum
1172 3357 1263 3412 Glon·

208 3442 333 3504 cestria,
360 3441 516 3511 quominus
543 3439 616 3492 bene
635 3450 665 3492 et
691 3438 721 3491 iu
749 3456 820 3509 pace
850 3438 1026 3493 molendinis
1054 3442 1115 3495 suis
1143 3448 1263 3495 utantur

209 3527 239 3579 iu
264 3533 449 3596 perpetuum,
480 3541 533 3595 pro
560 3541 614 3576 suo
645 3522 729 3576 libito
759 3531 789 3576 et
818 3522 979 3587 voluntate,
1010 3542 1077 3578 cum
1113 3525 1261 3594 predictis

208 3619 322 3680 magno,
342 3610 477 3671 exclusis,
498 3617 528 3661 et
546 3607 680 3660 omnibus
698 3607 766 3661 aliis
790 3607 983 3676 aysiamentis
1003 3608 1041 3662 ad
1058 3608 1137 3663 dicta
1154 3610 1264 3664 molen·

207 3694 277 3748 dina
295 3694 325 3747 iu
344 3701 493 3764 posterum
511 3691 625 3745 utiliter
641 3691 690 3744 rel
708 3692 913 3746 convenienter
931 3692 1155 3762 pertinentibus.
1191 3693 1264 3748 Pro-

207 3779 272 3832 viso
289 3790 386 3831 mmen
405 3775 483 3846 quod
502 3786 639 3845 stagnum
659 3785 688 3828 et
707 3775 841 3839 exclusae,
862 3793 927 3844 quae
952 3783 1030 3839 snut,
1051 3777 1097 3831 vel
1116 3795 1182 3847 quas
1201 3777 1262 3832 sore

208 3863 367 3931 continget.
396 3861 505 3915 dictam
530 3859 716 3914 altitudinem
742 3878 800 3915 uon
827 3861 976 3916 excedant.
1024 3861 1139 3917 Licebit
1164 3868 1262 3916 autem

208 3945 293 4001 dictis
312 3946 409 4000 abbati
428 3952 457 3997 et
474 3945 629 3998 conventui
643 3954 672 3999 et
691 3962 791 3998 eorum
810 3946 1028 4000 successoribus
1046 3957 1107 4001 tam
1126 3953 1262 4016 stagnum

209 4049 297 4102 qnam
323 4030 456 4083 exclusas
485 4028 631 4082 dictorum
662 4028 904 4093 molendinorum,
936 4039 1023 4100 prout
1048 4031 1105 4084 sibi
1135 4031 1264 4084 viderint

209 4114 356 4186 expedire,
376 4113 512 4166 roborare
540 4121 628 4176 terra,
656 4112 756 4182 lignis,
780 4112 936 4183 lapidibus,
969 4122 999 4167 et
1021 4113 1087 4167 aliis
1106 4113 1144 4167 ad
1161 4114 1263 4185 hujus·

209 4198 288 4252 modi
316 4198 527 4251 roborationem
562 4197 739 4260 valentibus,
759 4203 789 4250 et
808 4214 998 4267 quoscunque
1023 4198 1096 4251 alios
1116 4198 1263 4268 proiectus

209 4299 278 4335 mos
307 4281 344 4335 de
374 4294 453 4336 terra
483 4297 546 4342 sua,
579 4290 609 4334 et
639 4279 675 4334 de
703 4280 783 4334 dicto
808 4280 906 4334 rivulo
931 4281 968 4334 de
996 4280 1121 4351 Ledeue,
1153 4281 1263 4351 absque

209 4365 356 4419 calumnia
373 4364 445 4418 dicti
463 4363 587 4417 Walteri
614 4364 661 4416 vel
688 4363 840 4418 heredum
859 4382 979 4418 suornm
999 4365 1105 4428 lacere,
1125 4365 1167 4420 ita
1185 4365 1265 4436 qnod

209 4458 346 4517 stagnum
365 4458 395 4501 et
413 4447 540 4501 exclusae
559 4465 660 4500 eorum
688 4465 745 4501 uon
771 4447 860 4501 altius
886 4448 1022 4502 leventur
1039 4466 1127 4518 quam
1146 4450 1264 4502 suerunt

208 4532 258 4586 die
282 4532 471 4586 Asccnsionis
499 4531 618 4584 Domini
637 4549 712 4584 anuo
740 4531 891 4601 praedicto.
928 4532 988 4585 Pro
1016 4531 1072 4587 hac
1098 4533 1207 4597 clamii‚
1234 4545 1265 4587 et

209 4616 374 4679 calumniae,
406 4629 436 4669 et
472 4616 675 4685 cujuscunque
708 4614 916 4686 'impedimenti
952 4617 1053 4687 quieta
1080 4617 1262 4682 clamatione,

210 4701 299 4755 iidem
318 4700 407 4753 abbas
425 4712 456 4753 et
473 4707 632 4754 conventus
651 4698 795 4753 dederuut
807 4697 886 4754 dicto
903 4699 1035 4754 waltero
1052 4707 1082 4754 et
1098 4701 1263 4756 baeredibns

157 4773 160 4776 ’
210 4786 274 4841 suis
292 4792 386 4838 totum
405 4783 479 4837 illud
508 4789 625 4855 pratum
656 4782 736 4852 quod
769 4782 901 4836 homines
935 4784 981 4837 sui
1017 4783 1054 4840 dc
1078 4783 1362 4843 Iasseudonettls.
