3218 5640
370 791 433 857 266
649 806 898 859 eanuunamuu
921 808 1133 861 ueussrnau

698 1081 852 1149 Docet.
877 1082 1080 1150 Northlecte.

202 1244 346 1294 A.D.1263
404 1242 505 1298 Sciant
533 1249 692 1314 praesentes
725 1250 756 1299 et
785 1244 888 1310 futuri,
920 1245 999 1316 quod
1027 1263 1080 1300 nos
1111 1241 1335 1316 B[eginaldus],
1361 1243 1419 1298 Dei

200 1317 290 1361 -1284,

201 1392 240 1441 of
246 1392 339 1442 North-

200 1458 280 1510 leuch.

367 1327 464 1398 gratia
493 1328 582 1383 abbas
622 1334 652 1383 ct
681 1335 839 1384 conventus
871 1329 972 1385 Sancti
1002 1329 1084 1385 Petri
1115 1328 1319 1394 Gloucestriae,
1351 1345 1419 1384 con·

366 1413 508 1468 cessimus
528 1419 557 1468 et
574 1413 749 1468 tradidimus
768 1413 918 1470 Willelmo
942 1413 1021 1469 dieto
1044 1414 1186 1480 Messero,
1211 1431 1302 1469 unam
1319 1413 1420 1483 virgae

366 1502 426 1551 tam
444 1502 531 1553 terrm
550 1496 812 1553 consuetudinariae
831 1497 861 1552 in
880 1499 1011 1553 manerio
1033 1506 1133 1554 nostro
1151 1499 1188 1553 de
1206 1497 1416 1560 Northlecche,

298 1646 301 1651 ⁵
366 1581 448 1637 illum
478 1583 590 1638 scilicet
621 1574 708 1653 quam
735 1581 884 1637 Henricus
910 1582 1047 1654 Banning
1077 1583 1114 1637 de
1143 1582 1228 1638 nobis
1258 1581 1359 1638 tenuit
1387 1580 1419 1634 in

366 1666 496 1723 manerio
514 1674 615 1723 nostro
632 1666 795 1732 antedicto;
821 1665 985 1722 habendam
1003 1674 1033 1722 et
1051 1666 1208 1722 tenendam
1226 1665 1263 1720 de
1282 1664 1370 1720 nobis
1389 1667 1419 1718 et

366 1752 583 1807 successoribus
602 1749 720 1815 nostris,
740 1748 778 1805 ed
795 1749 888 1805 vitam
907 1769 1000 1816 suam,
1021 1756 1052 1805 et
1069 1750 1106 1806 ad
1123 1751 1216 1807 vitam
1234 1749 1336 1806 uxoris
1356 1765 1418 1804 sum

366 1854 453 1907 qumn
480 1834 576 1908 prim'o
602 1835 699 1899 ducet,
728 1834 800 1888 dum
824 1839 923 1889 tamen
948 1834 1040 1901 illam,
1061 1835 1086 1890 si
1112 1852 1181 1890 eum
1208 1832 1417 1906 supervixerit,

365 1927 444 1976 caste
463 1929 493 1976 et
511 1921 574 1976 sinc
592 1919 697 1974 marito
714 1919 815 1974 vivere
833 1919 993 1990 contingat.

401 2003 561 2059 Reddendo
591 2003 659 2057 inde
697 2002 847 2057 annuatim
876 2003 960 2058 nobis
991 2008 1021 2058 et
1050 2002 1271 2058 successoribus
1307 2001 1418 2057 nostris

366 2088 520 2143 duodecim
539 2087 647 2143 solidos
666 2086 703 2141 ad
727 2087 800 2141 duos
819 2086 886 2141 anni
905 2086 1056 2152 terminos,
1076 2086 1216 2142 videlieet
1233 2085 1288 2142 ad¹
1307 2087 1419 2153 festum

368 2173 468 2228 Sancti
495 2172 620 2227 Andreae
648 2190 699 2226 sex
724 2169 843 2236 solidos,
872 2177 902 2226 et
931 2170 969 2226 ad
994 2172 1104 2226 festum
1128 2171 1303 2227 Natiuitatis
1331 2169 1418 2225 Beati

367 2258 508 2312 Johannis
528 2258 669 2328 Baptistae
697 2273 748 2310 sex
775 2254 893 2321 solidos,
913 2273 966 2327 pro
993 2255 1128 2310 omnibus
1156 2254 1419 2310 consuetudinibus

366 2350 395 2397 et
414 2343 542 2398 servitiis
561 2341 599 2397 ed
621 2359 673 2396 nos
699 2340 766 2395 inde
791 2340 1015 2412 pertinentibus.
1053 2339 1159 2394 Dictus
1184 2346 1284 2395 autem
1301 2339 1419 2394 Willel·

365 2447 430 2482 mus
453 2427 654 2498 juramentum
683 2426 766 2480 nobis
797 2424 943 2497 praestitit,
972 2425 1049 2496 qnod
1076 2424 1171 2479 fidelis
1197 2425 1255 2479 erit
1282 2424 1418 2479 ecelesiae

364 2519 480 2574 nostrae,
494 2519 523 2566 et
540 2511 665 2565 maxime
684 2510 720 2564 de
732 2508 880 2565 reddendo
892 2509 1008 2564 redditu
1021 2514 1120 2564 nostre
1133 2509 1250 2564 statutis
1269 2507 1418 2573 terminis,

364 2604 395 2651 et
413 2595 491 2666 quod
509 2595 607 2649 locum
632 2595 778 2665 mesuagii
805 2594 841 2649 ad
867 2593 974 2649 dictam
1001 2599 1111 2648 terram
1128 2592 1305 2664 pertinentis
1325 2591 1418 2648 11111111-

364 2677 441 2733 cabit
467 2685 496 2732 ct
522 2683 720 2747 competenter
746 2679 921 2734 sustentabit
943 2696 995 2733 suo
1020 2675 1184 2749 perpetuo,²
1201 2680 1233 2730 et
1259 2694 1334 2730 uxor
1352 2676 1419 2748 ejus

364 2762 509 2826 similiter,
525 2762 550 2815 si
569 2779 637 2814 cum
656 2763 861 2832 supervixerit,
876 2769 906 2818 et
924 2762 1001 2834 quod
1013 2779 1066 2817 nec
1079 2768 1173 2817 artem
1189 2778 1244 2816 nec
1262 2760 1420 2833 ingenium

364 2846 506 2915 exquiret,
518 2845 594 2899 unde
607 2845 710 2899 domus
724 2855 823 2902 uestra
834 2865 887 2918 per
898 2852 1032 2902 tenuram
1046 2843 1155 2916 [suam]
1169 2845 1310 2901 damnum
1318 2846 1421 2902 ineur-

363 2936 418 2994 rat,
433 2937 463 2984 ot
481 2929 559 2999 quod
576 2928 746 3000 praedictam
763 2939 874 2987 terram
892 2950 987 3004 neque
1005 2931 1120 2996 vendet,
1134 2948 1230 3002 neque
1243 2929 1417 2996 escambiet,

362 3031 457 3085 neque
475 3013 506 3067 in
523 3013 722 3068 vadimonium
739 3022 836 3086 ponet,
855 3035 950 3087 neque
969 3015 1057 3070 alicui
1075 3013 1180 3081 tradet,
1194 3033 1248 3071 neo
1267 3014 1305 3070 ad
1322 3015 1419 3071 alium

363 3100 459 3153 locum
483 3098 635 3168 religionis
653 3100 819 3166 transferet,
840 3102 902 3156 sine
928 3119 1050 3157 assensu
1075 3107 1106 3156 et
1123 3099 1274 3156 voluntate
1300 3105 1415 3155 nosue.

362 3183 434 3238 Post
466 3182 618 3237 decessum
650 3200 721 3238 vcro
753 3184 824 3240 dieti
856 3184 999 3241 Willclmi
1032 3190 1062 3240 et
1093 3184 1193 3241 uxoris
1220 3189 1298 3250 suas,
1324 3201 1417 3256 quam

362 3268 457 3340 primo
480 3267 576 3332 ducet,
603 3273 633 3321 et
663 3272 728 3321 ante
757 3269 783 3322 si
814 3269 915 3324 eadem
945 3288 1018 3325 uxor
1043 3287 1097 3325 sua
1123 3286 1190 3324 eum
1218 3267 1419 3340 supervixerit

362 3359 392 3407 et
414 3357 515 3423 posteo
538 3350 646 3405 vixerit
669 3351 789 3416 inceste,
814 3354 862 3407 vel
886 3354 965 3409 alio³
990 3372 1030 3409 se·
1041 3353 1176 3425 nupserit
1195 3351 1312 3419 marite,
1337 3353 1420 3408 dieta

362 3444 441 3492 terra
459 3454 526 3492 cum
550 3436 629 3490 omni
653 3435 856 3492 melioratione
880 3439 1065 3510 superposite
1086 3437 1125 3492 ad
1148 3455 1201 3493 nos
1225 3437 1417 3509 integraliter

361 3528 534 3578 revertam.
567 3520 671 3576 Dictus
691 3521 780 3574 etiam
798 3520 967 3577 Willelmus
984 3522 1159 3578 halimotum
1175 3522 1270 3578 nostri
1288 3522 1417 3579 manerii

361 3606 493 3677 praedicti
517 3623 585 3660 oum
609 3605 674 3660 aliis
707 3604 874 3660 hominibus
906 3607 1016 3662 nostris
1047 3606 1181 3679 ejusdem
1213 3606 1352 3663 halimoti
1384 3613 1416 3664 et

361 3711 433 3746 uxor
464 3708 517 3746 sua
543 3707 631 3760 quam
658 3689 754 3759 primo
782 3689 877 3754 ducet,
904 3691 930 3746 si
958 3709 1025 3746 eum
1050 3690 1255 3762 supervixerit,
1288 3709 1416 3763 sequen-

361 3783 417 3830 tur.
465 3774 658 3830 Ooueedimus
683 3774 772 3828 etiam
797 3774 892 3829 cidem
916 3774 1067 3831 Willelmo
1092 3775 1170 3847 quod
1194 3775 1312 3846 quietus
1333 3777 1375 3832 sit
1396 3796 1416 3832 a

360 3860 504 3934 pannagio
535 3866 564 3914 ct
594 3859 701 3913 auxilio
732 3859 763 3913 in
791 3860 865 3914 festo
896 3860 996 3916 Sancti
1026 3860 1190 3925 Michaelis,
1219 3859 1291 3915 dum
1314 3866 1415 3917 tamen

360 3947 445 4016 plura
467 3943 605 3998 animalia
628 3962 685 3997 uon
703 3943 839 3998 habuerit
857 3963 944 4014 quam
964 3945 1002 4000 ad
1022 3948 1137 4001 tantum
1157 3948 1245 4000 tene
1263 3951 1414 4004 tenemen-

360 4037 424 4085 tum
441 4029 589 4100 pertinent
605 4028 637 4082 in
655 4026 757 4082 eadem
775 4027 855 4083 villa.

394 4113 432 4168 Iu
448 4113 531 4183 cujus
549 4111 593 4167 rei
611 4111 820 4178 testimonium,
840 4119 894 4169 etc.

396 4301 433 4306 ,-.
466 4301 485 4304 ,⁴
504 4299 550 4305 ...2
571 4300 579 4303 ,
596 4295 819 4303 *mo—‹—

394 4427 400 4455 ¹
417 4424 477 4473 duos
488 4425 549 4471 unni
560 4423 670 4470 tervisinos
682 4421 704 4470 is
712 4420 856 4470 insertedin
940 4420 950 4448 '²
966 4419 1144 4485 saeperpetuo]
1159 4417 1226 4470 Scin
1234 4418 1291 4471 MS.
1310 4419 1409 4485 Qasr-y,

358 4505 400 4554 the
411 4503 467 4553 MS.
480 4502 564 4552 before
572 4502 674 4566 jectum,
686 4502 731 4550 but
742 4499 805 4548 with
815 4498 857 4549 the
908 4499 998 4549 should
1008 4499 1029 4547 it
1039 4505 1084 4547 not
1095 4500 1126 4548 be
1136 4507 1207 4550 custo
1217 4515 1261 4550 suo
1268 4501 1393 4566 proprio?

357 4584 415 4648 sign
426 4583 456 4632 of
463 4596 569 4632 erasure.
904 4650 907 4655 ῃ
940 4576 1028 4643 ’(1110]
1048 4578 1099 4641 elii,
1111 4577 1168 4629 MS.
