<?xml version="1.0" encoding="UTF-8"?>
<!DOCTYPE html PUBLIC "-//W3C//DTD XHTML 1.0 Transitional//EN"
    "http://www.w3.org/TR/xhtml1/DTD/xhtml1-transitional.dtd">
<html xmlns="http://www.w3.org/1999/xhtml" xml:lang="en" lang="en">
 <head>
  <title>
</title>
<meta http-equiv="Content-Type" content="text/html;charset=utf-8" />
  <meta name='ocr-system' content='tesseract 3.04.00' />
  <meta name='ocr-capabilities' content='ocr_page ocr_carea ocr_par ocr_line ocrx_word'/>
</head>
<body>
  <div class='ocr_page' id='page_1' title='image "./historiaetcartu02monagoog_0033.png"; bbox 0 0 3218 5640; ppageno 0'>
   <div class='ocr_carea' id='block_1_1' title="bbox 356 833 1118 897">
    <p class='ocr_par' dir='ltr' id='par_1_1' title="bbox 356 833 1118 897">
     <span class='ocr_line' id='line_1_1' title="bbox 356 833 1118 897; baseline -0.003 0"><span class='ocrx_word' id='word_1_1' title='bbox 356 833 399 897; x_wconf 74' lang='lat'><strong>20</strong></span> <span class='ocrx_word' id='word_1_2' title='bbox 638 844 888 894; x_wconf 66' lang='lat' dir='ltr'><strong>emmam</strong></span> <span class='ocrx_word' id='word_1_3' title='bbox 909 844 1118 895; x_wconf 75' lang='lat' dir='ltr'><strong>uomsrsnn</strong></span> 
     </span>
    </p>
   </div>
   <div class='ocr_carea' id='block_1_2' title="bbox 354 1018 1406 2926">
    <p class='ocr_par' dir='ltr' id='par_1_2' title="bbox 354 1018 1406 2926">
     <span class='ocr_line' id='line_1_2' title="bbox 355 1018 1403 1093; baseline -0.004 -15"><span class='ocrx_word' id='word_1_4' title='bbox 355 1038 463 1078; x_wconf 77' lang='lat' dir='ltr'><strong>terram</strong></span> <span class='ocrx_word' id='word_1_5' title='bbox 494 1039 582 1093; x_wconf 85' lang='lat' dir='ltr'><strong>qnam</strong></span> <span class='ocrx_word' id='word_1_6' title='bbox 611 1020 778 1075; x_wconf 80' lang='lat' dir='ltr'><strong>Willelmus</strong></span> <span class='ocrx_word' id='word_1_7' title='bbox 808 1020 845 1073; x_wconf 83' lang='lat' dir='ltr'><strong>de</strong></span> <span class='ocrx_word' id='word_1_8' title='bbox 881 1021 1049 1075; x_wconf 84' lang='lat' dir='ltr'><strong>Corendono</strong></span> <span class='ocrx_word' id='word_1_9' title='bbox 1084 1020 1167 1075; x_wconf 81' lang='lat' dir='ltr'><strong>dedit</strong></span> <span class='ocrx_word' id='word_1_10' title='bbox 1195 1019 1336 1090; x_wconf 86' lang='lat' dir='ltr'><strong>prioratui</strong></span> <span class='ocrx_word' id='word_1_11' title='bbox 1366 1018 1403 1075; x_wconf 86' lang='lat' dir='ltr'><strong>de</strong></span> 
     </span>
     <span class='ocr_line' id='line_1_3' title="bbox 357 1105 1406 1176; baseline -0.003 -14"><span class='ocrx_word' id='word_1_12' title='bbox 357 1108 496 1170; x_wconf 79' lang='lat' dir='ltr'><strong>Errenni;</strong></span> <span class='ocrx_word' id='word_1_13' title='bbox 521 1107 592 1162; x_wconf 88' lang='lat' dir='ltr'><strong>item</strong></span> <span class='ocrx_word' id='word_1_14' title='bbox 610 1116 699 1160; x_wconf 86' lang='lat' dir='ltr'><strong>totam</strong></span> <span class='ocrx_word' id='word_1_15' title='bbox 726 1118 835 1160; x_wconf 79' lang='lat' dir='ltr'><strong>terram</strong></span> <span class='ocrx_word' id='word_1_16' title='bbox 862 1124 950 1176; x_wconf 87' lang='lat' dir='ltr'><strong>qnam</strong></span> <span class='ocrx_word' id='word_1_17' title='bbox 978 1105 1086 1176; x_wconf 78' lang='lat' dir='ltr'><strong>Symon</strong></span> <span class='ocrx_word' id='word_1_18' title='bbox 1113 1105 1150 1160; x_wconf 89' lang='lat' dir='ltr'><strong>de</strong></span> <span class='ocrx_word' id='word_1_19' title='bbox 1167 1105 1352 1160; x_wconf 81' lang='lat' dir='ltr'><strong>Turbem&#39;lln</strong></span> <span class='ocrx_word' id='word_1_20' title='bbox 1374 1118 1406 1158; x_wconf 86' lang='lat' dir='ltr'><strong>et</strong></span> 
     </span>
     <span class='ocr_line' id='line_1_4' title="bbox 357 1189 1405 1261; baseline -0.003 -15"><span class='ocrx_word' id='word_1_21' title='bbox 357 1191 525 1246; x_wconf 81' lang='lat' dir='ltr'><strong>Gilebertus</strong></span> <span class='ocrx_word' id='word_1_22' title='bbox 542 1206 571 1245; x_wconf 80' lang='lat' dir='ltr'><strong>et</strong></span> <span class='ocrx_word' id='word_1_23' title='bbox 581 1189 718 1261; x_wconf 81' lang='lat' dir='ltr'><strong>Paganus</strong></span> <span class='ocrx_word' id='word_1_24' title='bbox 735 1190 773 1244; x_wconf 88' lang='lat' dir='ltr'><strong>de</strong></span> <span class='ocrx_word' id='word_1_25' title='bbox 784 1189 969 1245; x_wconf 70' lang='lat' dir='ltr'><strong>Turbersills</strong></span> <span class='ocrx_word' id='word_1_26' title='bbox 979 1190 1123 1246; x_wconf 83' lang='lat' dir='ltr'><strong>dederunt</strong></span> <span class='ocrx_word' id='word_1_27' title='bbox 1139 1189 1278 1261; x_wconf 69' lang='lat' dir='ltr'><strong>predicto</strong></span> <span class='ocrx_word' id='word_1_28' title='bbox 1294 1190 1405 1261; x_wconf 84' lang='lat' dir='ltr'><strong>priora·</strong></span> 
     </span>
     <span class='ocr_line' id='line_1_5' title="bbox 356 1275 1403 1345; baseline -0.005 -14"><span class='ocrx_word' id='word_1_29' title='bbox 356 1277 410 1337; x_wconf 88' lang='lat' dir='ltr'><strong>tui,</strong></span> <span class='ocrx_word' id='word_1_30' title='bbox 430 1276 508 1329; x_wconf 83' lang='lat' dir='ltr'><strong>sicut</strong></span> <span class='ocrx_word' id='word_1_31' title='bbox 524 1276 556 1329; x_wconf 92' lang='lat' dir='ltr'><strong>in</strong></span> <span class='ocrx_word' id='word_1_32' title='bbox 583 1275 671 1329; x_wconf 83' lang='lat' dir='ltr'><strong>cartis</strong></span> <span class='ocrx_word' id='word_1_33' title='bbox 690 1292 791 1328; x_wconf 89' lang='lat' dir='ltr'><strong>eorum</strong></span> <span class='ocrx_word' id='word_1_34' title='bbox 809 1276 990 1338; x_wconf 87' lang='lat' dir='ltr'><strong>continetur;</strong></span> <span class='ocrx_word' id='word_1_35' title='bbox 1015 1290 1046 1329; x_wconf 81' lang='lat' dir='ltr'><strong>et</strong></span> <span class='ocrx_word' id='word_1_36' title='bbox 1072 1288 1162 1330; x_wconf 82' lang='lat' dir='ltr'><strong>totam</strong></span> <span class='ocrx_word' id='word_1_37' title='bbox 1179 1290 1289 1329; x_wconf 79' lang='lat' dir='ltr'><strong>terram</strong></span> <span class='ocrx_word' id='word_1_38' title='bbox 1315 1291 1403 1345; x_wconf 77' lang='lat' dir='ltr'><strong>quem</strong></span> 
     </span>
     <span class='ocr_line' id='line_1_6' title="bbox 357 1357 1402 1429; baseline -0.002 -15"><span class='ocrx_word' id='word_1_39' title='bbox 357 1359 517 1414; x_wconf 76' lang='lat' dir='ltr'><strong>(laufridus</strong></span> <span class='ocrx_word' id='word_1_40' title='bbox 534 1359 572 1413; x_wconf 88' lang='lat' dir='ltr'><strong>de</strong></span> <span class='ocrx_word' id='word_1_41' title='bbox 589 1358 679 1413; x_wconf 88' lang='lat' dir='ltr'><strong>Causi</strong></span> <span class='ocrx_word' id='word_1_42' title='bbox 696 1357 779 1412; x_wconf 84' lang='lat' dir='ltr'><strong>dedit</strong></span> <span class='ocrx_word' id='word_1_43' title='bbox 795 1357 891 1412; x_wconf 87' lang='lat' dir='ltr'><strong>eidem</strong></span> <span class='ocrx_word' id='word_1_44' title='bbox 908 1359 1069 1429; x_wconf 80' lang='lat' dir='ltr'><strong>prioratui;</strong></span> <span class='ocrx_word' id='word_1_45' title='bbox 1088 1360 1160 1413; x_wconf 88' lang='lat' dir='ltr'><strong>item</strong></span> <span class='ocrx_word' id='word_1_46' title='bbox 1171 1358 1307 1412; x_wconf 80' lang='lat' dir='ltr'><strong>undecim</strong></span> <span class='ocrx_word' id='word_1_47' title='bbox 1320 1375 1402 1412; x_wconf 84' lang='lat' dir='ltr'><strong>acras</strong></span> 
     </span>
     <span class='ocr_line' id='line_1_7' title="bbox 355 1441 1402 1515; baseline -0.003 -17"><span class='ocrx_word' id='word_1_48' title='bbox 355 1444 433 1515; x_wconf 84' lang='lat' dir='ltr'><strong>prati</strong></span> <span class='ocrx_word' id='word_1_49' title='bbox 451 1460 524 1514; x_wconf 85' lang='lat' dir='ltr'><strong>quas</strong></span> <span class='ocrx_word' id='word_1_50' title='bbox 542 1441 723 1497; x_wconf 85' lang='lat' dir='ltr'><strong>Herebertus</strong></span> <span class='ocrx_word' id='word_1_51' title='bbox 749 1441 828 1495; x_wconf 86' lang='lat' dir='ltr'><strong>filius</strong></span> <span class='ocrx_word' id='word_1_52' title='bbox 853 1441 990 1510; x_wconf 83' lang='lat' dir='ltr'><strong>Hngonis</strong></span> <span class='ocrx_word' id='word_1_53' title='bbox 1016 1442 1098 1496; x_wconf 83' lang='lat' dir='ltr'><strong>dedit</strong></span> <span class='ocrx_word' id='word_1_54' title='bbox 1124 1442 1219 1496; x_wconf 84' lang='lat' dir='ltr'><strong>eidem</strong></span> <span class='ocrx_word' id='word_1_55' title='bbox 1244 1442 1402 1512; x_wconf 81' lang='lat' dir='ltr'><strong>priorstui3</strong></span> 
     </span>
     <span class='ocr_line' id='line_1_8' title="bbox 356 1526 1403 1599; baseline -0.004 -16"><span class='ocrx_word' id='word_1_56' title='bbox 356 1535 387 1583; x_wconf 86' lang='lat' dir='ltr'><strong>et</strong></span> <span class='ocrx_word' id='word_1_57' title='bbox 398 1538 521 1599; x_wconf 78' lang='lat' dir='ltr'><strong>qusmor</strong></span> <span class='ocrx_word' id='word_1_58' title='bbox 538 1545 621 1581; x_wconf 85' lang='lat' dir='ltr'><strong>aeras</strong></span> <span class='ocrx_word' id='word_1_59' title='bbox 638 1535 725 1581; x_wconf 75' lang='lat' dir='ltr'><strong>terne</strong></span> <span class='ocrx_word' id='word_1_60' title='bbox 739 1526 824 1596; x_wconf 76' lang='lat' dir='ltr'><strong>juxte</strong></span> <span class='ocrx_word' id='word_1_61' title='bbox 840 1527 970 1580; x_wconf 78' lang='lat' dir='ltr'><strong>rivulum</strong></span> <span class='ocrx_word' id='word_1_62' title='bbox 982 1527 1078 1581; x_wconf 82' lang='lat' dir='ltr'><strong>Aluue</strong></span> <span class='ocrx_word' id='word_1_63' title='bbox 1091 1545 1164 1598; x_wconf 87' lang='lat' dir='ltr'><strong>quas</strong></span> <span class='ocrx_word' id='word_1_64' title='bbox 1175 1526 1257 1580; x_wconf 88' lang='lat' dir='ltr'><strong>dedit</strong></span> <span class='ocrx_word' id='word_1_65' title='bbox 1267 1526 1403 1596; x_wconf 70' lang='lat' dir='ltr'><strong>Pogonus</strong></span> 
     </span>
     <span class='ocr_line' id='line_1_9' title="bbox 356 1608 1403 1682; baseline -0.003 -16"><span class='ocrx_word' id='word_1_66' title='bbox 356 1629 496 1682; x_wconf 80' lang='lat' dir='ltr'><strong>grossus;</strong></span> <span class='ocrx_word' id='word_1_67' title='bbox 521 1620 553 1666; x_wconf 90' lang='lat' dir='ltr'><strong>et</strong></span> <span class='ocrx_word' id='word_1_68' title='bbox 568 1618 696 1666; x_wconf 88' lang='lat' dir='ltr'><strong>montem</strong></span> <span class='ocrx_word' id='word_1_69' title='bbox 714 1610 752 1664; x_wconf 90' lang='lat' dir='ltr'><strong>de</strong></span> <span class='ocrx_word' id='word_1_70' title='bbox 776 1610 861 1664; x_wconf 76' lang='lat' dir='ltr'><strong>feodo</strong></span> <span class='ocrx_word' id='word_1_71' title='bbox 888 1628 942 1664; x_wconf 91' lang='lat' dir='ltr'><strong>suo</strong></span> <span class='ocrx_word' id='word_1_72' title='bbox 966 1613 1017 1681; x_wconf 89' lang='lat' dir='ltr'><strong>qui</strong></span> <span class='ocrx_word' id='word_1_73' title='bbox 1041 1619 1088 1665; x_wconf 85' lang='lat' dir='ltr'><strong>est</strong></span> <span class='ocrx_word' id='word_1_74' title='bbox 1114 1613 1192 1666; x_wconf 81' lang='lat' dir='ltr'><strong>inter</strong></span> <span class='ocrx_word' id='word_1_75' title='bbox 1215 1619 1343 1665; x_wconf 88' lang='lat' dir='ltr'><strong>montem</strong></span> <span class='ocrx_word' id='word_1_76' title='bbox 1366 1608 1403 1663; x_wconf 90' lang='lat' dir='ltr'><strong>de</strong></span> 
     </span>
     <span class='ocr_line' id='line_1_10' title="bbox 356 1693 1404 1766; baseline -0.002 -17"><span class='ocrx_word' id='word_1_77' title='bbox 356 1695 476 1750; x_wconf 63' lang='lat' dir='ltr'><strong>suenni</strong></span> <span class='ocrx_word' id='word_1_78' title='bbox 494 1703 526 1749; x_wconf 87' lang='lat' dir='ltr'><strong>et</strong></span> <span class='ocrx_word' id='word_1_79' title='bbox 542 1693 662 1749; x_wconf 90' lang='lat' dir='ltr'><strong>domum</strong></span> <span class='ocrx_word' id='word_1_80' title='bbox 678 1711 772 1758; x_wconf 77' lang='lat' dir='ltr'><strong>mam,</strong></span> <span class='ocrx_word' id='word_1_81' title='bbox 791 1712 859 1747; x_wconf 83' lang='lat' dir='ltr'><strong>oum</strong></span> <span class='ocrx_word' id='word_1_82' title='bbox 876 1694 1011 1748; x_wconf 90' lang='lat' dir='ltr'><strong>omnibus</strong></span> <span class='ocrx_word' id='word_1_83' title='bbox 1032 1695 1099 1748; x_wconf 86' lang='lat' dir='ltr'><strong>aliis</strong></span> <span class='ocrx_word' id='word_1_84' title='bbox 1117 1694 1309 1766; x_wconf 79' lang='lat' dir='ltr'><strong>pertinentiis,</strong></span> <span class='ocrx_word' id='word_1_85' title='bbox 1328 1694 1404 1749; x_wconf 87' lang='lat' dir='ltr'><strong>sieut</strong></span> 
     </span>
     <span class='ocr_line' id='line_1_11' title="bbox 357 1777 1403 1847; baseline -0.001 -14"><span class='ocrx_word' id='word_1_86' title='bbox 357 1781 388 1834; x_wconf 92' lang='lat' dir='ltr'><strong>in</strong></span> <span class='ocrx_word' id='word_1_87' title='bbox 404 1780 493 1835; x_wconf 85' lang='lat' dir='ltr'><strong>cartis</strong></span> <span class='ocrx_word' id='word_1_88' title='bbox 520 1796 621 1833; x_wconf 85' lang='lat' dir='ltr'><strong>eorum</strong></span> <span class='ocrx_word' id='word_1_89' title='bbox 646 1779 831 1842; x_wconf 84' lang='lat' dir='ltr'><strong>continetur;</strong></span> <span class='ocrx_word' id='word_1_90' title='bbox 858 1779 929 1833; x_wconf 85' lang='lat' dir='ltr'><strong>item</strong></span> <span class='ocrx_word' id='word_1_91' title='bbox 954 1778 1109 1832; x_wconf 86' lang='lat' dir='ltr'><strong>ecclesiam</strong></span> <span class='ocrx_word' id='word_1_92' title='bbox 1136 1778 1173 1832; x_wconf 87' lang='lat' dir='ltr'><strong>de</strong></span> <span class='ocrx_word' id='word_1_93' title='bbox 1199 1777 1284 1833; x_wconf 74' lang='lat' dir='ltr'><strong>Novo</strong></span> <span class='ocrx_word' id='word_1_94' title='bbox 1302 1777 1403 1847; x_wconf 85' lang='lat' dir='ltr'><strong>Burgo</strong></span> 
     </span>
     <span class='ocr_line' id='line_1_12' title="bbox 355 1862 1404 1934; baseline -0.004 -15"><span class='ocrx_word' id='word_1_95' title='bbox 355 1881 424 1919; x_wconf 82' lang='lat' dir='ltr'><strong>oum</strong></span> <span class='ocrx_word' id='word_1_96' title='bbox 441 1863 576 1918; x_wconf 87' lang='lat' dir='ltr'><strong>omnibus</strong></span> <span class='ocrx_word' id='word_1_97' title='bbox 593 1863 776 1934; x_wconf 81' lang='lat' dir='ltr'>pertinentiis</span> <span class='ocrx_word' id='word_1_98' title='bbox 794 1870 825 1916; x_wconf 89' lang='lat' dir='ltr'><strong>et</strong></span> <span class='ocrx_word' id='word_1_99' title='bbox 841 1862 1027 1916; x_wconf 75' lang='lat' dir='ltr'><strong>libertatibus</strong></span> <span class='ocrx_word' id='word_1_100' title='bbox 1045 1870 1075 1917; x_wconf 90' lang='lat' dir='ltr'><strong>et</strong></span> <span class='ocrx_word' id='word_1_101' title='bbox 1098 1862 1278 1916; x_wconf 83' lang='lat' dir='ltr'><strong>redditibus¹</strong></span> <span class='ocrx_word' id='word_1_102' title='bbox 1297 1868 1328 1916; x_wconf 86' lang='lat' dir='ltr'><strong>et</strong></span> <span class='ocrx_word' id='word_1_103' title='bbox 1344 1862 1404 1932; x_wconf 87' lang='lat' dir='ltr'><strong>pis·</strong></span> 
     </span>
     <span class='ocr_line' id='line_1_13' title="bbox 356 1946 1404 2010; baseline -0.002 -8"><span class='ocrx_word' id='word_1_104' title='bbox 356 1948 454 2010; x_wconf 71' lang='lat' dir='ltr'><strong>coriis,</strong></span> <span class='ocrx_word' id='word_1_105' title='bbox 474 1947 552 2001; x_wconf 87' lang='lat' dir='ltr'><strong>siout</strong></span> <span class='ocrx_word' id='word_1_106' title='bbox 569 1947 600 2000; x_wconf 92' lang='lat' dir='ltr'><strong>in</strong></span> <span class='ocrx_word' id='word_1_107' title='bbox 617 1946 706 2000; x_wconf 81' lang='lat' dir='ltr'><strong>oartis</strong></span> <span class='ocrx_word' id='word_1_108' title='bbox 724 1952 940 1999; x_wconf 85' lang='lat' dir='ltr'><strong>antecessorum</strong></span> <span class='ocrx_word' id='word_1_109' title='bbox 967 1963 1099 2001; x_wconf 88' lang='lat' dir='ltr'><strong>meorum</strong></span> <span class='ocrx_word' id='word_1_110' title='bbox 1126 1948 1307 2010; x_wconf 85' lang='lat' dir='ltr'><strong>continetur;</strong></span> <span class='ocrx_word' id='word_1_111' title='bbox 1333 1947 1404 2000; x_wconf 72' lang='lat' dir='ltr'><strong>item</strong></span> 
     </span>
     <span class='ocr_line' id='line_1_14' title="bbox 357 2029 1402 2100; baseline -0.001 -14"><span class='ocrx_word' id='word_1_112' title='bbox 357 2032 520 2086; x_wconf 87' lang='lat' dir='ltr'><strong>manerium</strong></span> <span class='ocrx_word' id='word_1_113' title='bbox 538 2031 575 2084; x_wconf 88' lang='lat' dir='ltr'><strong>de</strong></span> <span class='ocrx_word' id='word_1_114' title='bbox 592 2031 731 2100; x_wconf 74' lang='lat' dir='ltr'><strong>&#39;lh-sygof,</strong></span> <span class='ocrx_word' id='word_1_115' title='bbox 757 2029 834 2100; x_wconf 90' lang='lat' dir='ltr'><strong>quod</strong></span> <span class='ocrx_word' id='word_1_116' title='bbox 859 2029 952 2083; x_wconf 85' lang='lat' dir='ltr'><strong>estin</strong></span> <span class='ocrx_word' id='word_1_117' title='bbox 969 2031 1111 2084; x_wconf 83' lang='lat' dir='ltr'><strong>comitatu</strong></span> <span class='ocrx_word' id='word_1_118' title='bbox 1128 2029 1165 2083; x_wconf 87' lang='lat' dir='ltr'><strong>de</strong></span> <span class='ocrx_word' id='word_1_119' title='bbox 1184 2030 1402 2099; x_wconf 80' lang='lat' dir='ltr'><strong>Glammorgau,</strong></span> 
     </span>
     <span class='ocr_line' id='line_1_15' title="bbox 356 2113 1403 2188; baseline -0.002 -18"><span class='ocrx_word' id='word_1_120' title='bbox 356 2115 434 2188; x_wconf 83' lang='lat' dir='ltr'><strong>quod</strong></span> <span class='ocrx_word' id='word_1_121' title='bbox 463 2116 500 2170; x_wconf 87' lang='lat' dir='ltr'><strong>ub</strong></span> <span class='ocrx_word' id='word_1_122' title='bbox 529 2115 650 2185; x_wconf 91' lang='lat' dir='ltr'><strong>antiquo</strong></span> <span class='ocrx_word' id='word_1_123' title='bbox 678 2121 843 2178; x_wconf 82' lang='lat' dir='ltr'><strong>tenuerunt,</strong></span> <span class='ocrx_word' id='word_1_124' title='bbox 870 2122 899 2167; x_wconf 87' lang='lat' dir='ltr'><strong>et</strong></span> <span class='ocrx_word' id='word_1_125' title='bbox 929 2113 1007 2168; x_wconf 88' lang='lat' dir='ltr'><strong>sicut</strong></span> <span class='ocrx_word' id='word_1_126' title='bbox 1030 2116 1193 2185; x_wconf 86' lang='lat' dir='ltr'><strong>antiquitus</strong></span> <span class='ocrx_word' id='word_1_127' title='bbox 1218 2115 1249 2168; x_wconf 90' lang='lat' dir='ltr'><strong>in</strong></span> <span class='ocrx_word' id='word_1_128' title='bbox 1274 2124 1403 2185; x_wconf 75' lang='lat' dir='ltr'><strong>tempore</strong></span> 
     </span>
     <span class='ocr_line' id='line_1_16' title="bbox 356 2197 1403 2262; baseline -0.003 -7"><span class='ocrx_word' id='word_1_129' title='bbox 356 2205 573 2255; x_wconf 76' lang='lat' dir='ltr'><strong>mtecessornm</strong></span> <span class='ocrx_word' id='word_1_130' title='bbox 590 2215 720 2252; x_wconf 90' lang='lat' dir='ltr'><strong>meorum</strong></span> <span class='ocrx_word' id='word_1_131' title='bbox 739 2197 846 2252; x_wconf 89' lang='lat' dir='ltr'><strong>melius</strong></span> <span class='ocrx_word' id='word_1_132' title='bbox 864 2204 895 2252; x_wconf 84' lang='lat' dir='ltr'><strong>et</strong></span> <span class='ocrx_word' id='word_1_133' title='bbox 912 2197 1035 2251; x_wconf 82' lang='lat' dir='ltr'><strong>liberius</strong></span> <span class='ocrx_word' id='word_1_134' title='bbox 1053 2205 1219 2262; x_wconf 86' lang='lat' dir='ltr'><strong>tenuerunt,</strong></span> <span class='ocrx_word' id='word_1_135' title='bbox 1233 2216 1301 2253; x_wconf 91' lang='lat' dir='ltr'><strong>cum</strong></span> <span class='ocrx_word' id='word_1_136' title='bbox 1312 2199 1403 2252; x_wconf 91' lang='lat' dir='ltr'><strong>omni·</strong></span> 
     </span>
     <span class='ocr_line' id='line_1_17' title="bbox 356 2282 1403 2354; baseline -0.003 -15"><span class='ocrx_word' id='word_1_137' title='bbox 356 2285 411 2338; x_wconf 89' lang='lat' dir='ltr'><strong>hus</strong></span> <span class='ocrx_word' id='word_1_138' title='bbox 429 2283 613 2354; x_wconf 75' lang='lat' dir='ltr'><strong>pertinentiis</strong></span> <span class='ocrx_word' id='word_1_139' title='bbox 631 2291 662 2336; x_wconf 92' lang='lat' dir='ltr'><strong>et</strong></span> <span class='ocrx_word' id='word_1_140' title='bbox 679 2282 864 2336; x_wconf 74' lang='lat' dir='ltr'><strong>libertatibus</strong></span> <span class='ocrx_word' id='word_1_141' title='bbox 883 2283 964 2346; x_wconf 87' lang='lat' dir='ltr'><strong>suis;</strong></span> <span class='ocrx_word' id='word_1_142' title='bbox 990 2284 1061 2336; x_wconf 84' lang='lat' dir='ltr'><strong>item</strong></span> <span class='ocrx_word' id='word_1_143' title='bbox 1084 2285 1247 2338; x_wconf 87' lang='lat' dir='ltr'><strong>manerium</strong></span> <span class='ocrx_word' id='word_1_144' title='bbox 1271 2283 1308 2336; x_wconf 91' lang='lat' dir='ltr'><strong>de</strong></span> <span class='ocrx_word' id='word_1_145' title='bbox 1331 2282 1403 2337; x_wconf 81' lang='lat' dir='ltr'><strong>Clis-</strong></span> 
     </span>
     <span class='ocr_line' id='line_1_18' title="bbox 356 2364 1403 2438; baseline -0.001 -18"><span class='ocrx_word' id='word_1_146' title='bbox 356 2367 438 2422; x_wconf 80' lang='lat' dir='ltr'><strong>forde</strong></span> <span class='ocrx_word' id='word_1_147' title='bbox 462 2366 540 2438; x_wconf 87' lang='lat' dir='ltr'><strong>quod</strong></span> <span class='ocrx_word' id='word_1_148' title='bbox 562 2374 608 2420; x_wconf 85' lang='lat' dir='ltr'><strong>est</strong></span> <span class='ocrx_word' id='word_1_149' title='bbox 631 2367 661 2420; x_wconf 89' lang='lat' dir='ltr'><strong>in</strong></span> <span class='ocrx_word' id='word_1_150' title='bbox 693 2364 845 2419; x_wconf 87' lang='lat' dir='ltr'><strong>hundredo</strong></span> <span class='ocrx_word' id='word_1_151' title='bbox 867 2364 904 2419; x_wconf 88' lang='lat' dir='ltr'><strong>de</strong></span> <span class='ocrx_word' id='word_1_152' title='bbox 928 2365 1146 2420; x_wconf 79' lang='lat' dir='ltr'><strong>Theokesburis</strong></span> <span class='ocrx_word' id='word_1_153' title='bbox 1174 2384 1241 2421; x_wconf 91' lang='lat' dir='ltr'><strong>cum</strong></span> <span class='ocrx_word' id='word_1_154' title='bbox 1270 2365 1403 2420; x_wconf 86' lang='lat' dir='ltr'><strong>omnibus</strong></span> 
     </span>
     <span class='ocr_line' id='line_1_19' title="bbox 355 2448 1402 2523; baseline -0.004 -17"><span class='ocrx_word' id='word_1_155' title='bbox 355 2452 540 2523; x_wconf 76' lang='lat' dir='ltr'><strong>pertinentiis</strong></span> <span class='ocrx_word' id='word_1_156' title='bbox 558 2458 589 2505; x_wconf 88' lang='lat' dir='ltr'><strong>et</strong></span> <span class='ocrx_word' id='word_1_157' title='bbox 605 2448 790 2503; x_wconf 71' lang='lat' dir='ltr'><strong>libertatibus</strong></span> <span class='ocrx_word' id='word_1_158' title='bbox 809 2449 880 2512; x_wconf 87' lang='lat' dir='ltr'><strong>suis,</strong></span> <span class='ocrx_word' id='word_1_159' title='bbox 901 2448 983 2503; x_wconf 72' lang='lat' dir='ltr'><strong>salva</strong></span> <span class='ocrx_word' id='word_1_160' title='bbox 1000 2449 1073 2503; x_wconf 90' lang='lat' dir='ltr'><strong>mihi</strong></span> <span class='ocrx_word' id='word_1_161' title='bbox 1092 2458 1123 2504; x_wconf 86' lang='lat' dir='ltr'><strong>et</strong></span> <span class='ocrx_word' id='word_1_162' title='bbox 1146 2449 1311 2505; x_wconf 76' lang='lat' dir='ltr'><strong>hieredibus</strong></span> <span class='ocrx_word' id='word_1_163' title='bbox 1329 2450 1402 2503; x_wconf 88' lang='lat' dir='ltr'><strong>meis</strong></span> 
     </span>
     <span class='ocr_line' id='line_1_20' title="bbox 355 2532 1404 2596; baseline -0.003 -6"><span class='ocrx_word' id='word_1_164' title='bbox 355 2541 436 2590; x_wconf 84' lang='lat' dir='ltr'><strong>secta</strong></span> <span class='ocrx_word' id='word_1_165' title='bbox 451 2533 595 2589; x_wconf 78' lang='lat' dir='ltr'><strong>hundredi</strong></span> <span class='ocrx_word' id='word_1_166' title='bbox 619 2534 678 2587; x_wconf 90' lang='lat' dir='ltr'><strong>mei</strong></span> <span class='ocrx_word' id='word_1_167' title='bbox 702 2532 739 2586; x_wconf 91' lang='lat' dir='ltr'><strong>de</strong></span> <span class='ocrx_word' id='word_1_168' title='bbox 756 2532 975 2587; x_wconf 78' lang='lat' dir='ltr'><strong>&#39;l&#39;heokesburia</strong></span> <span class='ocrx_word' id='word_1_169' title='bbox 998 2533 1044 2586; x_wconf 88' lang='lat' dir='ltr'><strong>bis</strong></span> <span class='ocrx_word' id='word_1_170' title='bbox 1070 2533 1100 2587; x_wconf 88' lang='lat' dir='ltr'><strong>in</strong></span> <span class='ocrx_word' id='word_1_171' title='bbox 1127 2551 1210 2596; x_wconf 86' lang='lat' dir='ltr'><strong>armo,</strong></span> <span class='ocrx_word' id='word_1_172' title='bbox 1231 2534 1344 2589; x_wconf 87' lang='lat' dir='ltr'><strong>seilicet</strong></span> <span class='ocrx_word' id='word_1_173' title='bbox 1366 2533 1404 2587; x_wconf 88' lang='lat' dir='ltr'><strong>ad</strong></span> 
     </span>
     <span class='ocr_line' id='line_1_21' title="bbox 356 2616 1403 2678; baseline -0.003 -4"><span class='ocrx_word' id='word_1_174' title='bbox 356 2620 464 2674; x_wconf 78' lang='lat' dir='ltr'><strong>festum</strong></span> <span class='ocrx_word' id='word_1_175' title='bbox 483 2618 583 2672; x_wconf 78' lang='lat' dir='ltr'><strong>Sancti</strong></span> <span class='ocrx_word' id='word_1_176' title='bbox 600 2616 763 2677; x_wconf 71' lang='lat' dir='ltr'><strong>Michaelis,</strong></span> <span class='ocrx_word' id='word_1_177' title='bbox 783 2622 814 2670; x_wconf 89' lang='lat' dir='ltr'><strong>et</strong></span> <span class='ocrx_word' id='word_1_178' title='bbox 831 2616 868 2670; x_wconf 89' lang='lat' dir='ltr'><strong>ad</strong></span> <span class='ocrx_word' id='word_1_179' title='bbox 885 2616 1019 2678; x_wconf 85' lang='lat' dir='ltr'><strong>hokedai,</strong></span> <span class='ocrx_word' id='word_1_180' title='bbox 1040 2617 1102 2670; x_wconf 87' lang='lat' dir='ltr'><strong>sine</strong></span> <span class='ocrx_word' id='word_1_181' title='bbox 1126 2618 1271 2672; x_wconf 87' lang='lat' dir='ltr'><strong>calumnia</strong></span> <span class='ocrx_word' id='word_1_182' title='bbox 1288 2626 1319 2673; x_wconf 91' lang='lat' dir='ltr'><strong>et</strong></span> <span class='ocrx_word' id='word_1_183' title='bbox 1336 2635 1403 2672; x_wconf 82' lang='lat' dir='ltr'><strong>cau·</strong></span> 
     </span>
     <span class='ocr_line' id='line_1_22' title="bbox 356 2700 1403 2773; baseline -0.002 -16"><span class='ocrx_word' id='word_1_184' title='bbox 356 2703 467 2757; x_wconf 84' lang='lat' dir='ltr'><strong>satione</strong></span> <span class='ocrx_word' id='word_1_185' title='bbox 484 2719 537 2772; x_wconf 88' lang='lat' dir='ltr'><strong>per</strong></span> <span class='ocrx_word' id='word_1_186' title='bbox 549 2700 656 2754; x_wconf 91' lang='lat' dir='ltr'><strong>liberos</strong></span> <span class='ocrx_word' id='word_1_187' title='bbox 668 2701 800 2754; x_wconf 89' lang='lat' dir='ltr'><strong>homines</strong></span> <span class='ocrx_word' id='word_1_188' title='bbox 813 2707 843 2754; x_wconf 85' lang='lat' dir='ltr'><strong>et</strong></span> <span class='ocrx_word' id='word_1_189' title='bbox 854 2708 979 2772; x_wconf 90' lang='lat' dir='ltr'><strong>quatuor</strong></span> <span class='ocrx_word' id='word_1_190' title='bbox 991 2703 1259 2756; x_wconf 82' lang='lat' dir='ltr'><strong>consuetudinarios</strong></span> <span class='ocrx_word' id='word_1_191' title='bbox 1271 2701 1403 2773; x_wconf 87' lang='lat' dir='ltr'><strong>ejusdem</strong></span> 
     </span>
     <span class='ocr_line' id='line_1_23' title="bbox 355 2783 1404 2841; baseline 0.001 -1"><span class='ocrx_word' id='word_1_192' title='bbox 355 2786 435 2840; x_wconf 72' lang='lat' dir='ltr'><strong>ville</strong></span> <span class='ocrx_word' id='word_1_193' title='bbox 453 2803 521 2839; x_wconf 91' lang='lat' dir='ltr'><strong>cum</strong></span> <span class='ocrx_word' id='word_1_194' title='bbox 538 2783 700 2838; x_wconf 81' lang='lat' dir='ltr'><strong>hundredle</strong></span> <span class='ocrx_word' id='word_1_195' title='bbox 719 2783 832 2838; x_wconf 83' lang='lat' dir='ltr'><strong>scilieet</strong></span> <span class='ocrx_word' id='word_1_196' title='bbox 850 2785 951 2839; x_wconf 89' lang='lat' dir='ltr'><strong>decem</strong></span> <span class='ocrx_word' id='word_1_197' title='bbox 969 2784 1129 2839; x_wconf 81' lang='lat' dir='ltr'><strong>solidorum</strong></span> <span class='ocrx_word' id='word_1_198' title='bbox 1147 2785 1184 2839; x_wconf 89' lang='lat' dir='ltr'><strong>ad</strong></span> <span class='ocrx_word' id='word_1_199' title='bbox 1203 2787 1311 2841; x_wconf 76' lang='lat' dir='ltr'><strong>festum</strong></span> <span class='ocrx_word' id='word_1_200' title='bbox 1335 2784 1404 2840; x_wconf 89' lang='lat' dir='ltr'><strong>Om-</strong></span> 
     </span>
     <span class='ocr_line' id='line_1_24' title="bbox 354 2866 1403 2926; baseline -0.002 0"><span class='ocrx_word' id='word_1_201' title='bbox 354 2871 437 2926; x_wconf 87' lang='lat' dir='ltr'><strong>nium</strong></span> <span class='ocrx_word' id='word_1_202' title='bbox 456 2868 629 2924; x_wconf 81' lang='lat' dir='ltr'><strong>Sanotornm</strong></span> <span class='ocrx_word' id='word_1_203' title='bbox 646 2866 869 2922; x_wconf 88' lang='lat' dir='ltr'><strong>reddendorum.</strong></span> <span class='ocrx_word' id='word_1_204' title='bbox 908 2868 984 2923; x_wconf 82' lang='lat' dir='ltr'><strong>Item</strong></span> <span class='ocrx_word' id='word_1_205' title='bbox 1002 2869 1133 2923; x_wconf 83' lang='lat' dir='ltr'><strong>concessi</strong></span> <span class='ocrx_word' id='word_1_206' title='bbox 1149 2868 1237 2924; x_wconf 86' lang='lat' dir='ltr'><strong>dictis</strong></span> <span class='ocrx_word' id='word_1_207' title='bbox 1254 2870 1403 2924; x_wconf 86' lang='lat' dir='ltr'><strong>monachis</strong></span> 
     </span>
    </p>
   </div>
   <div class='ocr_carea' id='block_1_3' title="bbox 242 2950 1404 3022">
    <p class='ocr_par' dir='ltr' id='par_1_3' title="bbox 242 2950 1404 3022">
     <span class='ocr_line' id='line_1_25' title="bbox 242 2950 1404 3022; baseline -0.001 -14"><span class='ocrx_word' id='word_1_208' title='bbox 242 2960 250 2975; x_wconf 84' lang='lat'><em>⁰</em></span> <span class='ocrx_word' id='word_1_209' title='bbox 356 2953 557 3015; x_wconf 82' lang='lat' dir='ltr'><strong>Gloucestriae,</strong></span> <span class='ocrx_word' id='word_1_210' title='bbox 576 2958 687 3006; x_wconf 86' lang='lat' dir='ltr'><strong>uttam</strong></span> <span class='ocrx_word' id='word_1_211' title='bbox 706 2950 763 3022; x_wconf 88' lang='lat' dir='ltr'><strong>ipsi</strong></span> <span class='ocrx_word' id='word_1_212' title='bbox 781 2968 869 3022; x_wconf 88' lang='lat' dir='ltr'><strong>quam</strong></span> <span class='ocrx_word' id='word_1_213' title='bbox 880 2951 1014 3006; x_wconf 86' lang='lat' dir='ltr'><strong>monachi</strong></span> <span class='ocrx_word' id='word_1_214' title='bbox 1034 2951 1135 3007; x_wconf 84' lang='lat' dir='ltr'><strong>Sancti</strong></span> <span class='ocrx_word' id='word_1_215' title='bbox 1154 2951 1291 3007; x_wconf 84' lang='lat' dir='ltr'><strong>Guthlaci</strong></span> <span class='ocrx_word' id='word_1_216' title='bbox 1311 2953 1404 3007; x_wconf 88' lang='lat' dir='ltr'><strong>Here·</strong></span> 
     </span>
    </p>
   </div>
   <div class='ocr_carea' id='block_1_4' title="bbox 350 3034 1405 4117">
    <p class='ocr_par' dir='ltr' id='par_1_4' title="bbox 350 3034 1405 4117">
     <span class='ocr_line' id='line_1_26' title="bbox 356 3034 1403 3107; baseline -0.002 -15"><span class='ocrx_word' id='word_1_217' title='bbox 356 3036 458 3092; x_wconf 79' lang='lat' dir='ltr'><strong>iordire</strong></span> <span class='ocrx_word' id='word_1_218' title='bbox 476 3037 536 3090; x_wconf 90' lang='lat' dir='ltr'><strong>sint</strong></span> <span class='ocrx_word' id='word_1_219' title='bbox 551 3034 638 3089; x_wconf 86' lang='lat' dir='ltr'><strong>liberi</strong></span> <span class='ocrx_word' id='word_1_220' title='bbox 657 3041 688 3089; x_wconf 89' lang='lat' dir='ltr'><strong>et</strong></span> <span class='ocrx_word' id='word_1_221' title='bbox 705 3035 797 3106; x_wconf 89' lang='lat' dir='ltr'><strong>quieti</strong></span> <span class='ocrx_word' id='word_1_222' title='bbox 823 3035 855 3088; x_wconf 91' lang='lat' dir='ltr'><strong>in</strong></span> <span class='ocrx_word' id='word_1_223' title='bbox 879 3041 1053 3107; x_wconf 89' lang='lat' dir='ltr'><strong>perpetuum</strong></span> <span class='ocrx_word' id='word_1_224' title='bbox 1081 3036 1117 3090; x_wconf 82' lang='lat' dir='ltr'><strong>de</strong></span> <span class='ocrx_word' id='word_1_225' title='bbox 1144 3036 1288 3100; x_wconf 86' lang='lat' dir='ltr'><strong>theloneo,</strong></span> <span class='ocrx_word' id='word_1_226' title='bbox 1313 3036 1403 3092; x_wconf 87' lang='lat' dir='ltr'><strong>etde</strong></span> 
     </span>
     <span class='ocr_line' id='line_1_27' title="bbox 355 3119 1405 3190; baseline -0.001 -14"><span class='ocrx_word' id='word_1_227' title='bbox 355 3120 574 3190; x_wconf 70' lang='lat' dir='ltr'><strong>omnibusque</strong></span> <span class='ocrx_word' id='word_1_228' title='bbox 592 3119 629 3173; x_wconf 89' lang='lat' dir='ltr'><strong>ad</strong></span> <span class='ocrx_word' id='word_1_229' title='bbox 647 3135 715 3173; x_wconf 86' lang='lat' dir='ltr'><strong>suos</strong></span> <span class='ocrx_word' id='word_1_230' title='bbox 742 3120 873 3189; x_wconf 85' lang='lat' dir='ltr'><strong>proprios</strong></span> <span class='ocrx_word' id='word_1_231' title='bbox 899 3136 970 3173; x_wconf 89' lang='lat' dir='ltr'><strong>usus</strong></span> <span class='ocrx_word' id='word_1_232' title='bbox 1001 3120 1124 3174; x_wconf 89' lang='lat' dir='ltr'><strong>emerint</strong></span> <span class='ocrx_word' id='word_1_233' title='bbox 1148 3120 1195 3174; x_wconf 78' lang='lat' dir='ltr'><strong>vel</strong></span> <span class='ocrx_word' id='word_1_234' title='bbox 1220 3120 1405 3176; x_wconf 77' lang='lat' dir='ltr'><strong>vendiderint</strong></span> 
     </span>
     <span class='ocr_line' id='line_1_28' title="bbox 356 3201 1403 3276; baseline 0.001 -17"><span class='ocrx_word' id='word_1_235' title='bbox 356 3203 434 3276; x_wconf 84' lang='lat' dir='ltr'><strong>apud</strong></span> <span class='ocrx_word' id='word_1_236' title='bbox 451 3202 633 3258; x_wconf 85' lang='lat' dir='ltr'><strong>Bristollism</strong></span> <span class='ocrx_word' id='word_1_237' title='bbox 650 3209 681 3256; x_wconf 90' lang='lat' dir='ltr'><strong>et</strong></span> <span class='ocrx_word' id='word_1_238' title='bbox 698 3201 830 3272; x_wconf 73' lang='lat' dir='ltr'><strong>Knyrdit&#39;</strong></span> <span class='ocrx_word' id='word_1_239' title='bbox 843 3208 874 3257; x_wconf 90' lang='lat' dir='ltr'><strong>et</strong></span> <span class='ocrx_word' id='word_1_240' title='bbox 885 3201 1002 3257; x_wconf 79' lang='lat' dir='ltr'><strong>Novum</strong></span> <span class='ocrx_word' id='word_1_241' title='bbox 1020 3203 1166 3274; x_wconf 82' lang='lat' dir='ltr'><strong>Burgum,</strong></span> <span class='ocrx_word' id='word_1_242' title='bbox 1180 3204 1258 3259; x_wconf 85' lang='lat' dir='ltr'><strong>sieut</strong></span> <span class='ocrx_word' id='word_1_243' title='bbox 1274 3205 1306 3259; x_wconf 90' lang='lat' dir='ltr'><strong>in</strong></span> <span class='ocrx_word' id='word_1_244' title='bbox 1323 3210 1403 3260; x_wconf 82' lang='lat' dir='ltr'><strong>carta</strong></span> 
     </span>
     <span class='ocr_line' id='line_1_29' title="bbox 356 3285 1403 3361; baseline 0 -17"><span class='ocrx_word' id='word_1_245' title='bbox 356 3288 498 3344; x_wconf 85' lang='lat' dir='ltr'><strong>Willelmi</strong></span> <span class='ocrx_word' id='word_1_246' title='bbox 509 3286 624 3361; x_wconf 64' lang='lat' dir='ltr'><strong>oomitp&#39;s</strong></span> <span class='ocrx_word' id='word_1_247' title='bbox 644 3285 835 3341; x_wconf 83' lang='lat' dir='ltr'><strong>Glouoestriae</strong></span> <span class='ocrx_word' id='word_1_248' title='bbox 847 3287 1020 3341; x_wconf 81' lang='lat' dir='ltr'><strong>continetur.</strong></span> <span class='ocrx_word' id='word_1_249' title='bbox 1058 3287 1135 3342; x_wconf 85' lang='lat' dir='ltr'><strong>Item</strong></span> <span class='ocrx_word' id='word_1_250' title='bbox 1147 3288 1262 3357; x_wconf 85' lang='lat' dir='ltr'><strong>quietos</strong></span> <span class='ocrx_word' id='word_1_251' title='bbox 1279 3287 1403 3343; x_wconf 76' lang='lat' dir='ltr'><strong>clamavi</strong></span> 
     </span>
     <span class='ocr_line' id='line_1_30' title="bbox 356 3368 1402 3435; baseline 0 -8"><span class='ocrx_word' id='word_1_252' title='bbox 356 3372 490 3427; x_wconf 82' lang='lat' dir='ltr'><strong>abbatem</strong></span> <span class='ocrx_word' id='word_1_253' title='bbox 508 3378 538 3426; x_wconf 90' lang='lat' dir='ltr'><strong>et</strong></span> <span class='ocrx_word' id='word_1_254' title='bbox 554 3370 710 3427; x_wconf 71' lang='lat' dir='ltr'><strong>monachos</strong></span> <span class='ocrx_word' id='word_1_255' title='bbox 729 3368 931 3432; x_wconf 68' lang='lat' dir='ltr'><strong>Glouoesfflm,</strong></span> <span class='ocrx_word' id='word_1_256' title='bbox 951 3376 981 3425; x_wconf 88' lang='lat' dir='ltr'><strong>et</strong></span> <span class='ocrx_word' id='word_1_257' title='bbox 998 3370 1130 3425; x_wconf 85' lang='lat' dir='ltr'><strong>homines</strong></span> <span class='ocrx_word' id='word_1_258' title='bbox 1149 3389 1228 3435; x_wconf 83' lang='lat' dir='ltr'><strong>suos,</strong></span> <span class='ocrx_word' id='word_1_259' title='bbox 1247 3379 1278 3427; x_wconf 90' lang='lat' dir='ltr'><strong>et</strong></span> <span class='ocrx_word' id='word_1_260' title='bbox 1294 3377 1402 3427; x_wconf 87' lang='lat' dir='ltr'><strong>terram</strong></span> 
     </span>
     <span class='ocr_line' id='line_1_31' title="bbox 355 3452 1403 3526; baseline -0.002 -14"><span class='ocrx_word' id='word_1_261' title='bbox 355 3473 448 3521; x_wconf 85' lang='lat' dir='ltr'><strong>suam,</strong></span> <span class='ocrx_word' id='word_1_262' title='bbox 468 3461 499 3510; x_wconf 90' lang='lat' dir='ltr'><strong>et</strong></span> <span class='ocrx_word' id='word_1_263' title='bbox 524 3459 620 3510; x_wconf 84' lang='lat' dir='ltr'><strong>totum</strong></span> <span class='ocrx_word' id='word_1_264' title='bbox 641 3453 762 3509; x_wconf 85' lang='lat' dir='ltr'><strong>boscum</strong></span> <span class='ocrx_word' id='word_1_265' title='bbox 787 3471 871 3508; x_wconf 89' lang='lat' dir='ltr'><strong>suum</strong></span> <span class='ocrx_word' id='word_1_266' title='bbox 899 3452 936 3506; x_wconf 91' lang='lat' dir='ltr'><strong>de</strong></span> <span class='ocrx_word' id='word_1_267' title='bbox 962 3454 1156 3526; x_wconf 81' lang='lat' dir='ltr'><strong>Wivelrugge</strong></span> <span class='ocrx_word' id='word_1_268' title='bbox 1182 3457 1233 3526; x_wconf 90' lang='lat' dir='ltr'><strong>qui</strong></span> <span class='ocrx_word' id='word_1_269' title='bbox 1259 3462 1306 3511; x_wconf 87' lang='lat' dir='ltr'><strong>est</strong></span> <span class='ocrx_word' id='word_1_270' title='bbox 1328 3456 1403 3510; x_wconf 83' lang='lat' dir='ltr'><strong>infra</strong></span> 
     </span>
     <span class='ocr_line' id='line_1_32' title="bbox 355 3535 1403 3607; baseline -0.001 -11"><span class='ocrx_word' id='word_1_271' title='bbox 355 3547 448 3596; x_wconf 81' lang='lat' dir='ltr'><strong>metes</strong></span> <span class='ocrx_word' id='word_1_272' title='bbox 467 3540 583 3594; x_wconf 73' lang='lat' dir='ltr'><strong>foreste</strong></span> <span class='ocrx_word' id='word_1_273' title='bbox 601 3555 673 3591; x_wconf 79' lang='lat' dir='ltr'><strong>mee</strong></span> <span class='ocrx_word' id='word_1_274' title='bbox 691 3537 728 3591; x_wconf 89' lang='lat' dir='ltr'><strong>de</strong></span> <span class='ocrx_word' id='word_1_275' title='bbox 746 3535 910 3591; x_wconf 68' lang='lat' dir='ltr'><strong>Mali-ernis</strong></span> <span class='ocrx_word' id='word_1_276' title='bbox 927 3555 1015 3607; x_wconf 89' lang='lat' dir='ltr'><strong>quem</strong></span> <span class='ocrx_word' id='word_1_277' title='bbox 1033 3537 1168 3592; x_wconf 86' lang='lat' dir='ltr'><strong>dominus</strong></span> <span class='ocrx_word' id='word_1_278' title='bbox 1186 3557 1237 3594; x_wconf 84' lang='lat' dir='ltr'><strong>rex</strong></span> <span class='ocrx_word' id='word_1_279' title='bbox 1256 3539 1403 3595; x_wconf 85' lang='lat' dir='ltr'><strong>Henrious</strong></span> 
     </span>
     <span class='ocr_line' id='line_1_33' title="bbox 354 3621 1403 3695; baseline -0.001 -16"><span class='ocrx_word' id='word_1_280' title='bbox 354 3625 398 3679; x_wconf 88' lang='lat' dir='ltr'><strong>eis</strong></span> <span class='ocrx_word' id='word_1_281' title='bbox 416 3622 506 3687; x_wconf 89' lang='lat' dir='ltr'><strong>dedit,</strong></span> <span class='ocrx_word' id='word_1_282' title='bbox 526 3628 557 3677; x_wconf 88' lang='lat' dir='ltr'><strong>et</strong></span> <span class='ocrx_word' id='word_1_283' title='bbox 574 3628 656 3676; x_wconf 84' lang='lat' dir='ltr'><strong>carta</strong></span> <span class='ocrx_word' id='word_1_284' title='bbox 673 3639 727 3676; x_wconf 84' lang='lat' dir='ltr'><strong>suo</strong></span> <span class='ocrx_word' id='word_1_285' title='bbox 751 3621 942 3684; x_wconf 73' lang='lat' dir='ltr'><strong>confirmavit,</strong></span> <span class='ocrx_word' id='word_1_286' title='bbox 963 3638 1031 3675; x_wconf 90' lang='lat' dir='ltr'><strong>cum</strong></span> <span class='ocrx_word' id='word_1_287' title='bbox 1057 3623 1136 3676; x_wconf 92' lang='lat' dir='ltr'><strong>omni</strong></span> <span class='ocrx_word' id='word_1_288' title='bbox 1162 3623 1297 3678; x_wconf 87' lang='lat' dir='ltr'><strong>libertate</strong></span> <span class='ocrx_word' id='word_1_289' title='bbox 1315 3641 1403 3695; x_wconf 81' lang='lat' dir='ltr'><strong>quom</strong></span> 
     </span>
     <span class='ocr_line' id='line_1_34' title="bbox 355 3704 1404 3777; baseline 0.001 -15"><span class='ocrx_word' id='word_1_290' title='bbox 355 3707 433 3764; x_wconf 88' lang='lat' dir='ltr'><strong>idem</strong></span> <span class='ocrx_word' id='word_1_291' title='bbox 450 3724 502 3762; x_wconf 87' lang='lat' dir='ltr'><strong>rex</strong></span> <span class='ocrx_word' id='word_1_292' title='bbox 519 3706 667 3760; x_wconf 86' lang='lat' dir='ltr'><strong>Henrious</strong></span> <span class='ocrx_word' id='word_1_293' title='bbox 685 3705 788 3760; x_wconf 86' lang='lat' dir='ltr'><strong>habuit</strong></span> <span class='ocrx_word' id='word_1_294' title='bbox 805 3705 836 3758; x_wconf 92' lang='lat' dir='ltr'><strong>in</strong></span> <span class='ocrx_word' id='word_1_295' title='bbox 854 3705 956 3759; x_wconf 89' lang='lat' dir='ltr'><strong>eodem</strong></span> <span class='ocrx_word' id='word_1_296' title='bbox 973 3704 1060 3759; x_wconf 87' lang='lat' dir='ltr'><strong>bosco</strong></span> <span class='ocrx_word' id='word_1_297' title='bbox 1078 3708 1193 3777; x_wconf 89' lang='lat' dir='ltr'><strong>quando</strong></span> <span class='ocrx_word' id='word_1_298' title='bbox 1211 3707 1339 3763; x_wconf 89' lang='lat' dir='ltr'><strong>illumin</strong></span> <span class='ocrx_word' id='word_1_299' title='bbox 1351 3727 1404 3763; x_wconf 85' lang='lat' dir='ltr'><strong>suo</strong></span> 
     </span>
     <span class='ocr_line' id='line_1_35' title="bbox 354 3788 1402 3860; baseline 0.002 -13"><span class='ocrx_word' id='word_1_300' title='bbox 354 3791 499 3847; x_wconf 87' lang='lat' dir='ltr'><strong>dominico</strong></span> <span class='ocrx_word' id='word_1_301' title='bbox 516 3789 621 3852; x_wconf 82' lang='lat' dir='ltr'><strong>tenuit,</strong></span> <span class='ocrx_word' id='word_1_302' title='bbox 635 3789 671 3843; x_wconf 90' lang='lat' dir='ltr'><strong>de</strong></span> <span class='ocrx_word' id='word_1_303' title='bbox 689 3788 791 3853; x_wconf 80' lang='lat' dir='ltr'><strong>vastis,</strong></span> <span class='ocrx_word' id='word_1_304' title='bbox 805 3795 836 3843; x_wconf 85' lang='lat' dir='ltr'><strong>et</strong></span> <span class='ocrx_word' id='word_1_305' title='bbox 848 3789 978 3853; x_wconf 88' lang='lat' dir='ltr'><strong>essartis,</strong></span> <span class='ocrx_word' id='word_1_306' title='bbox 993 3796 1024 3844; x_wconf 93' lang='lat' dir='ltr'><strong>et</strong></span> <span class='ocrx_word' id='word_1_307' title='bbox 1034 3791 1160 3860; x_wconf 80' lang='lat' dir='ltr'><strong>regsrdo</strong></span> <span class='ocrx_word' id='word_1_308' title='bbox 1172 3791 1402 3855; x_wconf 74' lang='lat' dir='ltr'><strong>forestariorum,</strong></span> 
     </span>
     <span class='ocr_line' id='line_1_36' title="bbox 354 3871 1402 3945; baseline 0 -14"><span class='ocrx_word' id='word_1_309' title='bbox 354 3874 439 3931; x_wconf 89' lang='lat' dir='ltr'><strong>etde</strong></span> <span class='ocrx_word' id='word_1_310' title='bbox 458 3873 592 3929; x_wconf 87' lang='lat' dir='ltr'><strong>omnibus</strong></span> <span class='ocrx_word' id='word_1_311' title='bbox 611 3871 678 3926; x_wconf 88' lang='lat' dir='ltr'><strong>aliis</strong></span> <span class='ocrx_word' id='word_1_312' title='bbox 696 3871 784 3926; x_wconf 87' lang='lat' dir='ltr'><strong>rebus</strong></span> <span class='ocrx_word' id='word_1_313' title='bbox 802 3877 832 3925; x_wconf 86' lang='lat' dir='ltr'><strong>et</strong></span> <span class='ocrx_word' id='word_1_314' title='bbox 855 3873 1114 3929; x_wconf 89' lang='lat' dir='ltr'><strong>consuetudinibus</strong></span> <span class='ocrx_word' id='word_1_315' title='bbox 1135 3893 1200 3945; x_wconf 84' lang='lat' dir='ltr'><strong>quae</strong></span> <span class='ocrx_word' id='word_1_316' title='bbox 1224 3876 1262 3932; x_wconf 85' lang='lat' dir='ltr'><strong>ed</strong></span> <span class='ocrx_word' id='word_1_317' title='bbox 1284 3895 1332 3931; x_wconf 88' lang='lat' dir='ltr'><strong>me</strong></span> <span class='ocrx_word' id='word_1_318' title='bbox 1356 3878 1402 3932; x_wconf 82' lang='lat' dir='ltr'><strong>vel</strong></span> 
     </span>
     <span class='ocr_line' id='line_1_37' title="bbox 350 3953 1404 4027; baseline 0.001 -12"><span class='ocrx_word' id='word_1_319' title='bbox 350 3958 393 4015; x_wconf 54' lang='lat' dir='ltr'><strong>¹sd</strong></span> <span class='ocrx_word' id='word_1_320' title='bbox 422 3957 553 4013; x_wconf 70' lang='lat' dir='ltr'><strong>haeredes</strong></span> <span class='ocrx_word' id='word_1_321' title='bbox 578 3964 609 4012; x_wconf 88' lang='lat' dir='ltr'><strong>et</strong></span> <span class='ocrx_word' id='word_1_322' title='bbox 633 3953 814 4011; x_wconf 83' lang='lat' dir='ltr'><strong>servientes²</strong></span> <span class='ocrx_word' id='word_1_323' title='bbox 838 3973 918 4010; x_wconf 90' lang='lat' dir='ltr'><strong>meos</strong></span> <span class='ocrx_word' id='word_1_324' title='bbox 943 3959 1117 4027; x_wconf 87' lang='lat' dir='ltr'><strong>pertineant,</strong></span> <span class='ocrx_word' id='word_1_325' title='bbox 1144 3960 1226 4015; x_wconf 84' lang='lat' dir='ltr'><strong>salva</strong></span> <span class='ocrx_word' id='word_1_326' title='bbox 1251 3962 1404 4016; x_wconf 68' lang='lat' dir='ltr'><strong>venatione</strong></span> 
     </span>
     <span class='ocr_line' id='line_1_38' title="bbox 355 4039 1404 4117; baseline 0.003 -20"><span class='ocrx_word' id='word_1_327' title='bbox 355 4060 429 4097; x_wconf 83' lang='lat' dir='ltr'><strong>meo.</strong></span> <span class='ocrx_word' id='word_1_328' title='bbox 467 4041 507 4098; x_wconf 81' lang='lat' dir='ltr'><strong>Et</strong></span> <span class='ocrx_word' id='word_1_329' title='bbox 522 4040 649 4096; x_wconf 86' lang='lat' dir='ltr'><strong>concedo</strong></span> <span class='ocrx_word' id='word_1_330' title='bbox 667 4039 745 4111; x_wconf 87' lang='lat' dir='ltr'><strong>quod</strong></span> <span class='ocrx_word' id='word_1_331' title='bbox 762 4039 819 4111; x_wconf 90' lang='lat' dir='ltr'><strong>ipsi</strong></span> <span class='ocrx_word' id='word_1_332' title='bbox 836 4040 971 4095; x_wconf 86' lang='lat' dir='ltr'><strong>monachi</strong></span> <span class='ocrx_word' id='word_1_333' title='bbox 989 4048 1019 4096; x_wconf 84' lang='lat' dir='ltr'><strong>et</strong></span> <span class='ocrx_word' id='word_1_334' title='bbox 1035 4042 1136 4098; x_wconf 79' lang='lat' dir='ltr'><strong>ballivi</strong></span> <span class='ocrx_word' id='word_1_335' title='bbox 1161 4061 1262 4098; x_wconf 90' lang='lat' dir='ltr'><strong>eorum</strong></span> <span class='ocrx_word' id='word_1_336' title='bbox 1280 4045 1317 4099; x_wconf 87' lang='lat' dir='ltr'><strong>de</strong></span> <span class='ocrx_word' id='word_1_337' title='bbox 1340 4046 1404 4117; x_wconf 91' lang='lat' dir='ltr'><strong>ipso</strong></span> 
     </span>
    </p>
   </div>
   <div class='ocr_carea' id='block_1_5' title="bbox 356 4123 1404 4533">
    <p class='ocr_par' dir='ltr' id='par_1_5' title="bbox 356 4123 1404 4533">
     <span class='ocr_line' id='line_1_39' title="bbox 356 4123 1404 4200; baseline 0.003 -19"><span class='ocrx_word' id='word_1_338' title='bbox 356 4127 444 4182; x_wconf 82' lang='lat' dir='ltr'><strong>bosco</strong></span> <span class='ocrx_word' id='word_1_339' title='bbox 461 4126 570 4180; x_wconf 81' lang='lat' dir='ltr'><strong>iaciant</strong></span> <span class='ocrx_word' id='word_1_340' title='bbox 586 4125 703 4179; x_wconf 90' lang='lat' dir='ltr'><strong>omnino</strong></span> <span class='ocrx_word' id='word_1_341' title='bbox 719 4123 899 4179; x_wconf 72' lang='lat' dir='ltr'><strong>voluntatem</strong></span> <span class='ocrx_word' id='word_1_342' title='bbox 918 4143 1001 4180; x_wconf 89' lang='lat' dir='ltr'><strong>suam</strong></span> <span class='ocrx_word' id='word_1_343' title='bbox 1019 4126 1129 4198; x_wconf 85' lang='lat' dir='ltr'><strong>ubsque</strong></span> <span class='ocrx_word' id='word_1_344' title='bbox 1146 4128 1214 4183; x_wconf 80' lang='lat' dir='ltr'><strong>visu</strong></span> <span class='ocrx_word' id='word_1_345' title='bbox 1232 4135 1262 4182; x_wconf 85' lang='lat' dir='ltr'><strong>et</strong></span> <span class='ocrx_word' id='word_1_346' title='bbox 1278 4128 1404 4200; x_wconf 79' lang='lat' dir='ltr'><strong>regardo</strong></span> 
     </span>
     <span class='ocr_line' id='line_1_40' title="bbox 356 4208 1404 4268; baseline 0.002 -2"><span class='ocrx_word' id='word_1_347' title='bbox 356 4209 577 4266; x_wconf 76' lang='lat' dir='ltr'><strong>forestariorum</strong></span> <span class='ocrx_word' id='word_1_348' title='bbox 595 4216 625 4263; x_wconf 90' lang='lat' dir='ltr'><strong>et</strong></span> <span class='ocrx_word' id='word_1_349' title='bbox 643 4208 834 4264; x_wconf 85' lang='lat' dir='ltr'><strong>servientium</strong></span> <span class='ocrx_word' id='word_1_350' title='bbox 851 4225 993 4263; x_wconf 89' lang='lat' dir='ltr'><strong>meorum.</strong></span> <span class='ocrx_word' id='word_1_351' title='bbox 1041 4209 1178 4266; x_wconf 85' lang='lat' dir='ltr'><strong>Gonoessi</strong></span> <span class='ocrx_word' id='word_1_352' title='bbox 1205 4213 1294 4267; x_wconf 87' lang='lat' dir='ltr'><strong>etiam</strong></span> <span class='ocrx_word' id='word_1_353' title='bbox 1317 4212 1404 4268; x_wconf 86' lang='lat' dir='ltr'><strong>dietis</strong></span> 
     </span>
     <span class='ocr_line' id='line_1_41' title="bbox 357 4290 1404 4367; baseline 0.002 -18"><span class='ocrx_word' id='word_1_354' title='bbox 357 4293 455 4350; x_wconf 84' lang='lat' dir='ltr'><strong>ebbeti</strong></span> <span class='ocrx_word' id='word_1_355' title='bbox 482 4299 512 4346; x_wconf 84' lang='lat' dir='ltr'><strong>et</strong></span> <span class='ocrx_word' id='word_1_356' title='bbox 538 4290 686 4347; x_wconf 74' lang='lat' dir='ltr'><strong>monachis</strong></span> <span class='ocrx_word' id='word_1_357' title='bbox 711 4308 874 4346; x_wconf 82' lang='lat' dir='ltr'><strong>warennam</strong></span> <span class='ocrx_word' id='word_1_358' title='bbox 904 4309 987 4346; x_wconf 85' lang='lat' dir='ltr'><strong>suem</strong></span> <span class='ocrx_word' id='word_1_359' title='bbox 1018 4293 1110 4348; x_wconf 87' lang='lat' dir='ltr'><strong>libere</strong></span> <span class='ocrx_word' id='word_1_360' title='bbox 1133 4302 1164 4349; x_wconf 86' lang='lat' dir='ltr'><strong>et</strong></span> <span class='ocrx_word' id='word_1_361' title='bbox 1198 4295 1327 4366; x_wconf 86' lang='lat' dir='ltr'><strong>plenarie</strong></span> <span class='ocrx_word' id='word_1_362' title='bbox 1351 4313 1404 4367; x_wconf 81' lang='lat' dir='ltr'><strong>per</strong></span> 
     </span>
     <span class='ocr_line' id='line_1_42' title="bbox 357 4374 1403 4444; baseline 0.001 -10"><span class='ocrx_word' id='word_1_363' title='bbox 357 4385 448 4434; x_wconf 85' lang='lat' dir='ltr'><strong>totam</strong></span> <span class='ocrx_word' id='word_1_364' title='bbox 473 4382 583 4431; x_wconf 83' lang='lat' dir='ltr'><strong>terram</strong></span> <span class='ocrx_word' id='word_1_365' title='bbox 608 4392 691 4430; x_wconf 85' lang='lat' dir='ltr'><strong>susm</strong></span> <span class='ocrx_word' id='word_1_366' title='bbox 718 4392 807 4444; x_wconf 85' lang='lat' dir='ltr'><strong>qusm</strong></span> <span class='ocrx_word' id='word_1_367' title='bbox 833 4374 941 4430; x_wconf 85' lang='lat' dir='ltr'><strong>habent</strong></span> <span class='ocrx_word' id='word_1_368' title='bbox 967 4376 1044 4432; x_wconf 79' lang='lat' dir='ltr'><strong>infre</strong></span> <span class='ocrx_word' id='word_1_369' title='bbox 1069 4384 1163 4433; x_wconf 88' lang='lat' dir='ltr'><strong>metas</strong></span> <span class='ocrx_word' id='word_1_370' title='bbox 1188 4381 1304 4435; x_wconf 76' lang='lat' dir='ltr'><strong>foreste</strong></span> <span class='ocrx_word' id='word_1_371' title='bbox 1330 4397 1403 4435; x_wconf 80' lang='lat' dir='ltr'><strong>mee</strong></span> 
     </span>
     <span class='ocr_line' id='line_1_43' title="bbox 356 4456 1404 4533; baseline 0.003 -17"><span class='ocrx_word' id='word_1_372' title='bbox 356 4460 503 4533; x_wconf 78' lang='lat' dir='ltr'><strong>predictae</strong></span> <span class='ocrx_word' id='word_1_373' title='bbox 522 4457 558 4513; x_wconf 89' lang='lat' dir='ltr'><strong>de</strong></span> <span class='ocrx_word' id='word_1_374' title='bbox 576 4456 748 4520; x_wconf 79' lang='lat' dir='ltr'><strong>Malvernia,</strong></span> <span class='ocrx_word' id='word_1_375' title='bbox 768 4458 850 4514; x_wconf 83' lang='lat' dir='ltr'><strong>solva</strong></span> <span class='ocrx_word' id='word_1_376' title='bbox 867 4460 1018 4516; x_wconf 82' lang='lat' dir='ltr'><strong>venatione</strong></span> <span class='ocrx_word' id='word_1_377' title='bbox 1036 4478 1111 4516; x_wconf 80' lang='lat' dir='ltr'><strong>mes.</strong></span> <span class='ocrx_word' id='word_1_378' title='bbox 1148 4463 1188 4518; x_wconf 84' lang='lat' dir='ltr'><strong>Et</strong></span> <span class='ocrx_word' id='word_1_379' title='bbox 1211 4463 1350 4533; x_wconf 86' lang='lat' dir='ltr'><strong>prohibeo</strong></span> <span class='ocrx_word' id='word_1_380' title='bbox 1367 4483 1404 4519; x_wconf 88' lang='lat' dir='ltr'><strong>ne</strong></span> 
     </span>
    </p>
   </div>
   <div class='ocr_carea' id='block_1_6' title="bbox 858 4603 1399 4618">
    <p class='ocr_par' dir='ltr' id='par_1_6' title="bbox 858 4603 1399 4618">
     <span class='ocr_line' id='line_1_44' title="bbox 858 4603 1399 4618; baseline 0.009 -9"><span class='ocrx_word' id='word_1_381' title='bbox 858 4603 1046 4611; x_wconf 50' lang='lat' dir='ltr'><em>m-—-.</em></span> <span class='ocrx_word' id='word_1_382' title='bbox 1093 4607 1098 4611; x_wconf 93' lang='lat'>.</span> <span class='ocrx_word' id='word_1_383' title='bbox 1133 4607 1157 4612; x_wconf 47' lang='lat' dir='ltr'><strong>-i.</strong></span> <span class='ocrx_word' id='word_1_384' title='bbox 1172 4607 1399 4618; x_wconf 55' lang='lat'><strong>-*-—-—-—</strong></span> 
     </span>
    </p>
   </div>
   <div class='ocr_carea' id='block_1_7' title="bbox 455 4672 1303 4822">
    <p class='ocr_par' dir='ltr' id='par_1_7' title="bbox 455 4672 1303 4822">
     <span class='ocr_line' id='line_1_45' title="bbox 456 4672 866 4738; baseline 0.002 -13"><span class='ocrx_word' id='word_1_385' title='bbox 456 4678 463 4708; x_wconf 90' lang='lat'>¹</span> <span class='ocrx_word' id='word_1_386' title='bbox 482 4672 628 4738; x_wconf 69' lang='lat' dir='ltr'><strong>redditibus]</strong></span> <span class='ocrx_word' id='word_1_387' title='bbox 647 4673 799 4734; x_wconf 83' lang='lat' dir='ltr'><strong>reddidibus‚</strong></span> <span class='ocrx_word' id='word_1_388' title='bbox 812 4676 866 4726; x_wconf 80' lang='lat' dir='ltr'><strong>MS.</strong></span> 
     </span>
     <span class='ocr_line' id='line_1_46' title="bbox 455 4751 1303 4822; baseline 0.011 -19"><span class='ocrx_word' id='word_1_389' title='bbox 455 4759 466 4786; x_wconf 82' lang='lat'>²</span> <span class='ocrx_word' id='word_1_390' title='bbox 482 4754 514 4804; x_wconf 90' lang='lat' dir='ltr'><strong>ln</strong></span> <span class='ocrx_word' id='word_1_391' title='bbox 530 4753 574 4803; x_wconf 88' lang='lat' dir='ltr'><strong>the</strong></span> <span class='ocrx_word' id='word_1_392' title='bbox 589 4751 688 4818; x_wconf 77' lang='lat' dir='ltr'><strong>margin</strong></span> <span class='ocrx_word' id='word_1_393' title='bbox 708 4752 767 4804; x_wconf 83' lang='lat' dir='ltr'><strong>here</strong></span> <span class='ocrx_word' id='word_1_394' title='bbox 787 4751 924 4822; x_wconf 70' lang='lat' dir='ltr'><strong>Wylveruqe</strong></span> <span class='ocrx_word' id='word_1_395' title='bbox 936 4757 958 4807; x_wconf 82' lang='lat' dir='ltr'><strong>is</strong></span> <span class='ocrx_word' id='word_1_396' title='bbox 969 4757 1079 4810; x_wconf 82' lang='lat' dir='ltr'><strong>inserted</strong></span> <span class='ocrx_word' id='word_1_397' title='bbox 1091 4761 1116 4810; x_wconf 91' lang='lat' dir='ltr'><strong>in</strong></span> <span class='ocrx_word' id='word_1_398' title='bbox 1130 4775 1144 4811; x_wconf 86' lang='lat' dir='ltr'><strong>a</strong></span> <span class='ocrx_word' id='word_1_399' title='bbox 1156 4761 1218 4818; x_wconf 70' lang='lat' dir='ltr'><strong>luter</strong></span> <span class='ocrx_word' id='word_1_400' title='bbox 1228 4761 1303 4820; x_wconf 77' lang='lat' dir='ltr'><strong>bend.</strong></span> 
     </span>
    </p>
   </div>
   <div class='ocr_carea' id='block_1_8' title="bbox 0 0 1614 5640">
    <p class='ocr_par' dir='ltr' id='par_1_8' title="bbox 0 0 1614 5640">
     <span class='ocr_line' id='line_1_47' title="bbox 0 0 1614 5640; baseline 0 0"><span class='ocrx_word' id='word_1_401' title='bbox 0 0 1614 5640; x_wconf 95' lang='lat' dir='ltr'><strong> </strong></span> 
     </span>
    </p>
   </div>
  </div>
 </body>
</html>
