3218 5640
357 747 423 809 298
642 757 892 806 csarunsnruu
914 757 1127 806 uonssrsan

262 929 267 940 '
358 939 389 988 et
414 932 552 987 clamium
579 931 657 1002 juris
685 949 750 1002 quae
768 931 870 994 habui,
889 931 952 986 sive
978 949 1154 1002 quocunque
1177 932 1247 1003 jure
1264 931 1314 984 vel
1338 930 1419 1002 juris

359 1015 463 1070 clamio
480 1015 587 1069 habere
618 1015 710 1086 potui,
730 1016 762 1069 in
788 1014 875 1069 dictis
901 1015 999 1079 terris,
1028 1016 1140 1078 salinis,
1173 1022 1203 1070 et
1229 1015 1416 1078 tenementis,

358 1098 513 1170 homagiis,
533 1099 650 1162 wardia,
677 1098 807 1162 releviis,
837 1098 992 1163 eschaetis,
1022 1099 1198 1162 redditibus,
1227 1099 1362 1164 herietis,
1387 1110 1420 1153 et

360 1181 494 1237 omnibus
527 1181 593 1236 aliis
620 1182 806 1252 pertinentiis
835 1183 897 1237 suis
926 1182 1161 1253 quibuscunque,
1189 1184 1232 1237 ita
1258 1182 1338 1252 quod
1362 1200 1418 1237 uec

360 1284 425 1337 ego,
445 1265 493 1320 vel
511 1264 642 1320 haeredes
660 1266 729 1329 mei,
750 1265 812 1320 sive
838 1266 991 1336 assignati,
1012 1268 1043 1321 in
1069 1266 1156 1321 dictis
1183 1267 1282 1329 terris,
1303 1266 1416 1329 salinis.

361 1356 391 1405 et
407 1349 590 1414 tenementis,
611 1348 722 1419 aliquid
737 1348 814 1418 juris
828 1350 956 1419 exigere,
972 1350 1021 1404 vel
1040 1351 1071 1404 in
1088 1356 1241 1421 posterum
1260 1349 1418 1404 vendiotre

360 1433 532 1506 poterimus,
553 1432 605 1486 sed
624 1431 702 1501 quod
720 1431 756 1486 ab
775 1432 854 1486 omni
879 1433 948 1503 jure
976 1438 1007 1488 et
1031 1434 1124 1488 totius
1149 1434 1227 1503 juris
1256 1432 1364 1487 ciamio
1387 1432 1420 1487 in

361 1517 472 1573 eisdem
490 1516 587 1580 terris,
608 1515 719 1579 salinis,
734 1521 764 1570 et
782 1517 957 1571 tenementis
976 1535 1044 1571 cnm
1063 1517 1248 1588 pertinentiis
1268 1516 1418 1588 praedictis

361 1601 483 1673 praecise
502 1604 532 1654 et
549 1599 679 1654 totaliter
697 1599 886 1654 excludamur
899 1601 1127 1672 inperpetuum.
1163 1600 1202 1655 Et
1221 1601 1248 1655 si
1266 1601 1421 1671 contingat

362 1685 456 1739 dictos
475 1682 608 1738 abbatem
627 1689 657 1737 et
675 1687 848 1738 conventum
860 1684 909 1738 vel
922 1701 1023 1739 eorum
1043 1701 1238 1748 successores,
1251 1702 1307 1754 pro
1319 1682 1420 1738 debito

362 1767 473 1823 domini
491 1767 572 1838 regis
584 1765 631 1820 vel
645 1767 788 1837 cujusque
801 1766 933 1831 alterius,
950 1767 969 1821 J
970 1768 1048 1822 udaei
1067 1767 1130 1822 sive
1144 1766 1317 1830 Christiani,
1331 1784 1422 1822 cauea

362 1852 421 1906 mei
439 1850 487 1905 vel
504 1850 620 1905 nomine
640 1849 675 1903 de
694 1849 781 1904 dictis
799 1851 898 1915 terris,
920 1851 1032 1916 salinis,
1052 1856 1083 1906 et
1099 1851 1276 1906 tenementis
1301 1868 1337 1904 ex
1355 1855 1423 1904 aeto

362 1935 471 1999 vexari,
492 1935 538 1988 vel
558 1951 731 2004 quocunque
758 1933 816 1987 alio
844 1934 930 1988 modo
958 1934 1118 1998 molestari,
1138 1934 1205 1988 volo
1232 1939 1262 1988 et
1280 1933 1419 1996 concedo,

364 2019 442 2092 quod
461 2036 516 2089 ego
534 2024 565 2072 et
581 2016 712 2071 haeredes
731 2017 789 2070 mei
808 2018 855 2071 vel
875 2018 1018 2088 assignati
1037 2017 1131 2072 dictos
1150 2018 1286 2072 abbatem
1304 2024 1336 2071 et
1352 2034 1421 2072 cou-

363 2109 483 2159 ventum
502 2107 532 2155 ct
550 2118 650 2155 eorum
664 2118 847 2155 successores
859 2118 964 2156 versus
983 2119 1083 2155 omnes
1102 2106 1132 2156 et
1150 2101 1283 2171 singulos
1298 2099 1421 2155 Judreos

365 2194 395 2242 et
422 2184 602 2241 Christianos
633 2183 669 2237 de
699 2184 833 2239 omnibus
865 2184 981 2250 debitis,
1015 2185 1133 2248 exactis,
1160 2185 1222 2239 sive
1254 2184 1418 2255 exigendis,

365 2278 516 2327 teneamur
534 2268 699 2331 defendere,
719 2275 749 2323 et
767 2269 926 2337 aquietare.

400 2355 436 2409 In
455 2353 539 2424 cujus
557 2352 602 2406 roi
628 2353 829 2406 testimonium
854 2354 993 2423 praesenti
1021 2352 1130 2424 scripto
1160 2353 1294 2423 sigillum
1319 2370 1419 2407 meum

365 2439 496 2510 apposui.
535 2437 604 2491 Hiis
622 2436 757 2500 testibus,
778 2441 832 2490 eto.

544 2673 758 2741 DCOCCIH.
783 2673 831 2738 De
865 2672 1020 2760 Waltope,
1049 2673 1127 2740 dcc
1154 2682 1262 2741 (ταντα.

400 2836 473 2891 Haec
492 2843 538 2892 est
556 2837 708 2891 conventio
736 2839 814 2891 sacta
840 2837 917 2892 inter
936 2837 1015 2891 viros
1041 2836 1197 2907 religiosos
1226 2837 1363 2892 abbatem
1389 2843 1421 2895 et

364 2927 539 2976 conventum
559 2920 659 2977 Sancti
677 2921 759 2975 Petri
779 2921 971 2976 Gloucestriae
990 2938 1025 2974 ex
1044 2925 1125 2991 parte
1144 2940 1212 2984 nna,
1237 2927 1267 2975 et
1288 2921 1419 2992 priorem

365 3009 395 3059 et
425 3010 600 3059 oonveutum
632 3003 745 3058 Sauctae
776 3004 929 3058 Trinitatis
969 3004 1005 3058 de
1042 3003 1210 3059 Motesfond
1241 3021 1277 3058 ex
1308 3004 1418 3068 altem

365 3088 504 3144 videlieet
532 3088 611 3158 quod
630 3088 744 3158 praefati
770 3088 859 3142 abbas
886 3093 916 3141 et
943 3096 1103 3142 conventus
1132 3087 1327 3142 Gloucestriae
1353 3104 1419 3142 oon·

365 3176 524 3234 cesserunt,
550 3178 581 3226 et
605 3171 635 3224 iu
658 3177 830 3242 perpetuam
859 3170 936 3225 feodi
964 3170 1079 3231 firmam
1110 3170 1307 3234 tradiderunt,
1347 3187 1419 3242 praa·

366 3257 434 3312 fatis
458 3256 548 3327 priori
576 3260 606 3310 et
632 3256 785 3309 conventui
812 3255 848 3308 de
867 3253 1043 3317 Motesfond,
1065 3259 1095 3309 et
1120 3273 1222 3309 eorum
1242 3254 1419 3310 successori·

365 3341 429 3405 bus,
451 3345 541 3394 totam
566 3346 676 3394 terram
701 3357 784 3392 suam
812 3357 899 3409 quam
925 3340 1092 3393 habuerunt
1119 3340 1196 3409 apud
1215 3339 1370 3411 Welhope,
1390 3345 1420 3393 et

366 3425 454 3478 etiam
484 3441 584 3477 omues
615 3422 746 3475 homines
778 3439 845 3475 cum
876 3440 978 3476 eorum
1009 3422 1136 3492 sequelis
1168 3422 1277 3477 dictam
1309 3429 1418 3477 terram

365 3513 506 3570 tenentes,
528 3506 688 3561 secundum
705 3505 761 3559 hoc
780 3505 858 3575 quod
877 3523 926 3560 eos
945 3503 1111 3560 habuerunt
1130 3512 1160 3560 et
1177 3512 1346 3570 tenuerim,
1368 3523 1420 3561 seu

365 3593 443 3664 quod
462 3591 578 3646 eosdem
590 3589 728 3644 habuisse
740 3589 776 3643 de
791 3589 859 3660 jure
872 3595 902 3644 et
914 3590 1043 3644 tenuisse
1055 3589 1235 3655 debuerunt;
1255 3589 1419 3644 habendam

366 3681 396 3732 et
425 3675 580 3731 tenendam
610 3672 739 3744 praefatis
766 3673 857 3742 priori
885 3679 915 3727 et
940 3673 1095 3727 conventui
1124 3672 1160 3726 de
1192 3673 1362 3728 Motesfond
1390 3678 1420 3728 et

366 3778 467 3816 eorum
497 3757 725 3821 successoribus,
758 3755 794 3811 de
825 3758 930 3811 abbate
961 3762 990 3812 et
1020 3763 1165 3812 conventu
1197 3757 1300 3812 Sancti
1337 3757 1418 3812 Petri

366 3843 557 3899 Gloucestriae
588 3847 618 3895 et
647 3858 749 3894 eornm
776 3840 1003 3905 successoribus,
1032 3841 1135 3905 libero,
1156 3840 1264 3911 quiete,
1285 3841 1370 3906 bene,
1390 3846 1420 3895 et

366 3929 396 3982 in
414 3943 495 3997 pace,
515 3926 546 3978 in
563 3928 745 3996 perpetuum.

401 4009 562 4066 Reddendo
598 4008 664 4062 inde
692 4006 842 4062 aunuatim
867 4008 984 4078 praefati
1018 4007 1099 4077 prior
1130 4013 1160 4061 et
1190 4014 1352 4063 conventus
1383 4008 1418 4061 de

366 4092 531 4148 Motesfond
555 4096 585 4146 et
606 4109 707 4145 eorum
726 4107 919 4155 suecessorea,
940 4090 1160 4160 praenominatis
1187 4090 1287 4145 abbati
1305 4098 1336 4146 et
1354 4109 1420 4146 con·

366 4177 466 4231 ventui
494 4174 593 4231 Sancti
621 4173 703 4228 Petri
730 4173 922 4228 Gloucestriee
948 4180 978 4228 et
997 4191 1098 4227 eorum
1117 4175 1350 4239 successoribus,
1371 4174 1417 4229 vel

367 4279 468 4315 eorum
498 4265 577 4314 eerto
609 4262 762 4321 attornat0,
796 4257 874 4328 apud
904 4256 1069 4321 Lutletone,
1101 4257 1132 4311 in
1165 4257 1213 4311 die
1244 4257 1419 4313 Natiuitatis

366 4345 466 4398 Beatae
496 4343 598 4396 Mariae
627 4341 772 4411 Virginis,
800 4357 850 4395 sex
880 4358 993 4396 marcas
1022 4341 1232 4411 sterlingorum
1258 4359 1313 4413 pro
1340 4341 1418 4397 omni

367 4428 496 4492 servitio,
517 4433 593 4481 secta
616 4426 715 4489 curiae,
736 4432 766 4480 et
784 4425 920 4480 seculari
938 4424 1091 4488 demanda,
1106 4425 1142 4478 ad
1156 4425 1313 4495 praedictos
1332 4425 1418 4480 abba-

366 4517 426 4564 tem
445 4516 475 4565 et
491 4516 667 4565 conventum
687 4510 879 4565 Gloucestriae
897 4509 1128 4582 pertinentibus3
1155 4509 1196 4564 ita
1222 4515 1323 4566 tamen
1342 4509 1419 4581 quod

365 4593 498 4666 praedicti
518 4594 606 4649 abbas
625 4600 655 4648 ot
673 4599 831 4648 conventus
845 4592 1037 4648 Gloucestriac
1050 4610 1103 4647 seu
1115 4611 1218 4647 eorum
1232 4609 1417 4650 successores

365 4677 441 4732 nihil
459 4677 539 4731 aliud
558 4678 594 4731 de
618 4683 724 4734 cetero
754 4679 784 4733 in
809 4682 985 4750 perpetuum
1011 4677 1047 4731 de
1074 4676 1153 4732 dicta
1180 4684 1270 4743 terra,
1291 4678 1355 4734 sive
1382 4675 1419 4732 de
