3218 5640
499 799 526 846 S.
547 797 648 845 surm
669 796 921 846 cloecusrnm

508 1114 708 1181 DCCXLII.
731 1116 782 1180 De
797 1115 919 1181 codem.

222 1287 324 1344 Sciant
340 1295 499 1359 praesentes
518 1293 547 1342 et
572 1289 675 1351 loturi,
695 1288 773 1358 quod
792 1306 847 1358 ego
865 1288 1039 1359 Radulphus
1057 1290 1094 1343 de
1112 1290 1233 1344 Willin.
1248 1285 1316 1336 Al).
1330 1291 1401 1343 12⁶³.

185 1378 252 1427 tone
278 1373 356 1435 dedi,
383 1373 522 1436 concessi,
551 1380 580 1425 et
604 1372 660 1426 hae
687 1375 825 1443 praesenti
851 1382 930 1426 carte
955 1391 1020 1427 mea
1050 1374 1230 1439 confirmavi,
1248 1363 1336 1415 Osffle

183 1456 255 1519 Deo,
275 1464 305 1511 et
321 1457 452 1512 ecclcsiae
471 1457 554 1510 Beati
564 1457 646 1510 Petri
665 1456 868 1520 Gloucestriae,
888 1457 1053 1527 Reginaldo
1073 1459 1181 1519 abbati,
1202 1467 1233 1514 et
1247 1446 1323 1482 ω’

183 1541 332 1595 monacbis
360 1540 468 1594 ibidem
499 1540 561 1594 Deo
596 1541 803 1605 servientibus,
824 1541 993 1610 homagium
1021 1547 1051 1594 et
1078 1544 1232 1597 servitium

184 1623 340 1678 Hereberti
358 1625 387 1678 le
405 1625 485 1678 Buth
503 1630 532 1677 et
549 1623 700 1677 haeredum
719 1641 849 1688 suorum,
869 1642 937 1678 cum
961 1625 1078 1687 sardis,
1101 1626 1231 1689 releviis,

185 1706 315 1771 herietis,
345 1717 375 1762 et
398 1709 531 1762 omnibus
557 1707 780 1777 quibuscunque
807 1707 951 1762 eschaetis
977 1715 1007 1762 et
1035 1709 1231 1778 pertiuentiis,

183 1809 250 1861 quae
261 1793 335 1846 mihi
347 1792 393 1846 vel
407 1791 573 1845 hxeredibus
592 1792 666 1846 meis
679 1790 715 1845 de
728 1792 867 1862 praedicto
880 1791 1052 1857 Hereberto,
1067 1794 1233 1848 haeredibus

186 1874 259 1937 suis,
273 1875 320 1929 vel
333 1883 499 1929 tenemento
517 1893 570 1928 suo
588 1874 786 1944 aliquomodo
804 1874 936 1928 accidere
954 1883 1120 1945 potuerunt.
1158 1877 1234 1931 Dedi

186 1958 277 2012 etiam
295 1958 368 2020 Deo,
388 1968 418 2013 et
441 1958 573 2012 ecclesiae
592 1958 676 2011 Beati
695 1957 777 2011 Petri
801 1957 1003 2023 Gloucestriae,
1029 1968 1060 2015 et
1085 1960 1234 2032 praedictis

187 2041 284 2095 abbati
311 2049 342 2095 et
371 2041 519 2095 monachis
545 2041 655 2095 ibidem
677 2041 740 2094 Deo
768 2043 974 2106 servientibus,
1001 2052 1127 2113 quatuor
1151 2063 1234 2100 acras

185 2134 272 2180 terre
298 2143 366 2180 cum
391 2125 574 2195 pertinentiis
602 2125 633 2177 in
659 2142 762 2194 campo
791 2126 841 2195 qui
866 2134 987 2180 vocatur
1004 2126 1233 2192 Abbodeshulle,

182 2208 314 2278 jacentes
340 2210 415 2262 inter
439 2216 548 2263 terram
569 2207 701 2277 praedicti
729 2208 887 2263 Hereberti
915 2218 945 2264 et
974 2220 1083 2265 terram
1113 2212 1234 2267 Roberti

187 2291 300 2362 Suffyn.
336 2291 413 2345 Dedi
431 2293 519 2346 etiam
544 2299 575 2344 et
592 2291 723 2344 concessi
743 2291 814 2353 Deo,
844 2300 873 2345 et
899 2294 1031 2348 ecclesiae
1049 2295 1133 2350 Beati
1152 2296 1234 2350 Petri

186 2375 388 2438 Gloucestriae,
419 2383 450 2430 et
486 2374 636 2428 monachis
666 2374 776 2428 ibidem
807 2374 870 2429 Deo
907 2379 1113 2441 servientibus,
1145 2398 1233 2433 unam

186 2477 284 2515 acram
305 2461 382 2531 prati
408 2466 438 2512 et
464 2458 615 2513 dimidiam
643 2475 710 2512 eum
737 2460 932 2528 pertinentiis,
953 2462 1031 2532 quod
1052 2463 1132 2532 jacet
1158 2453 1354 2518 inter1¹⁸¹b

185 2553 303 2614 pramm
327 2543 472 2596 dictorum
499 2542 612 2595 abbatis
632 2548 663 2595 et
681 2549 840 2596 conventus
859 2551 889 2597 et
906 2554 1024 2615 pratum
1042 2547 1174 2602 Matildis
1193 2548 1236 2602 Ia

187 2629 331 2684 Paumere
348 2629 379 2681 in
392 2628 463 2681 villa
482 2627 518 2680 de
533 2627 732 2691 Sondhurste;
752 2627 919 2683 habendum
933 2637 962 2684 et
973 2632 1130 2686 tenendum
1148 2634 1235 2690 dictis

186 2712 285 2768 abbati
303 2719 333 2765 et
350 2711 506 2765 conventui
525 2722 556 2764 et
573 2727 674 2764 eorum
687 2712 916 2777 suecessoribus,
930 2714 962 2767 in
974 2715 1107 2778 liberam,
1120 2735 1234 2787 puram,

185 2802 218 2851 et
242 2802 413 2866 perpetuam
440 2795 637 2856 elemosinam,
661 2794 691 2846 iu
718 2802 904 2864 perpetuum,
923 2797 953 2850 in
979 2805 1095 2853 extenta
1112 2800 1237 2857 duarum

185 2897 349 2935 marearum
367 2885 398 2932 et
422 2877 552 2931 dimidia
578 2878 668 2930 annui
694 2877 828 2933 redditus
857 2897 930 2949 quas
949 2881 1082 2952 praedicti
1101 2884 1190 2939 abbas
1208 2892 1238 2940 et

186 2969 345 3018 conventus
373 2962 503 3016 solebant
521 2967 551 3014 et
576 2960 720 3015 debebant
737 2963 869 3032 recipere
883 2964 919 3017 de
946 2983 1062 3021 camera
1089 2967 1236 3040 Radulphi

186 3047 224 3101 de
241 3046 412 3101 Willintone
431 3045 521 3116 patris
548 3045 606 3097 mei
631 3052 662 3098 et
686 3045 837 3098 heredum
866 3064 987 3102 suorum
1006 3050 1036 3103 in
1054 3059 1168 3120 partem
1187 3052 1236 3106 de.

187 3131 280 3185 seems
306 3129 526 3184 sustentationis
554 3127 679 3181 duorum
701 3127 887 3181 sacerdotum
905 3131 1118 3187 celebrantium
1136 3135 1237 3191 divina

187 3215 219 3269 in
235 3213 349 3285 capella
367 3214 466 3266 Beatae
485 3211 588 3265 Marias
614 3228 668 3281 pro
686 3211 838 3265 animabus
857 3220 1075 3269 antecessorum
1094 3235 1236 3273 meorum.

187 3297 252 3367 Ego
268 3314 339 3350 vero
357 3295 530 3365 Radulphus
548 3302 579 3348 et
604 3293 735 3348 haeredes
754 3295 814 3347 mei
831 3295 1001 3365 homagium
1027 3305 1057 3352 et
1081 3302 1235 3356 servitium

187 3380 320 3451 predicti
350 3379 508 3433 Hereberti
539 3396 596 3431 una
625 3396 692 3431 cum
727 3378 844 3440 wardis,
876 3380 1005 3444 releviis,
1043 3382 1174 3445 herietis,
1206 3394 1237 3439 et

188 3464 323 3519 omnibus
342 3464 564 3534 quibuscunque
583 3462 726 3515 eschaetis
746 3469 776 3515 et
794 3463 988 3532 pertinentiis,
1004 3483 1061 3517 una
1078 3485 1145 3520 cum
1164 3486 1237 3538 prae·

187 3545 275 3602 dictis
292 3555 373 3601 terra
389 3552 418 3600 et
434 3546 527 3617 pratis
547 3552 689 3598 eteorum
707 3546 902 3614 pertiuentiis,
923 3547 1072 3616 prtedictis
1090 3550 1188 3603 abbati
1206 3559 1237 3604 et

187 3631 342 3686 couventui
376 3638 406 3682 et
436 3647 538 3682 eorum
575 3628 794 3682 successoribus
831 3638 933 3682 contra
968 3648 1067 3685 omnes
1098 3633 1235 3687 mortales

186 3714 448 3776 warantizabimus,
469 3712 694 3781 aquictabimus,
714 3719 744 3764 et
762 3710 961 3775 defendemus,
982 3713 1214 3783 inperpetuum.

223 3798 259 3853 In
277 3798 362 3867 cujus
380 3797 423 3850 rei
441 3796 642 3850 testimonium
662 3795 798 3864 praesenti
817 3804 914 3857 carte,
935 3802 989 3849 etc.

224 3881 334 3936 Datum
359 3880 548 3934 Gtoecestriae
579 3881 609 3931 iu
639 3879 768 3932 crastino
797 3878 896 3932 Sancti
925 3880 1078 3935 Benedicti
1109 3882 1233 3946 obbatis,

187 3984 263 4020 anno
280 3965 400 4020 Domini
417 3964 576 4017 millesimo
594 3963 794 4016 ducentesimo
814 3965 997 4032 sexagesimo
1016 3967 1127 4034 quinto.

479 4229 703 4295 DCCXLIII.
729 4230 946 4296 Altlrintone.

225 4396 325 4451 Sciant
352 4396 403 4465 qui
430 4401 499 4449 sunt
526 4402 556 4448 ct
582 4395 632 4464 qui
658 4394 776 4448 venturi
801 4401 877 4455 sunt,
906 4396 985 4464 quod
1012 4413 1066 4466 ego
1091 4398 1401 4461 Ro'oertusofffldfin.

189 4479 267 4533 filius
286 4479 405 4533 Bicardi
431 4478 467 4532 de
492 4479 667 4531 Aldrintone
693 4479 824 4531 concessi
852 4478 1037 4534 donationem
1062 4484 1153 4551 patris
1179 4485 1237 4536 mei
1250 4485 1316 4528 ¹⁰¹¹&

188 4581 277 4633 quam
302 4563 374 4616 fecit
390 4563 509 4616 Thomae
536 4562 597 4614 filio
616 4560 773 4623 Grisolitae,
795 4562 908 4615 scilicet
925 4563 961 4616 de
979 4582 1084 4619 novem
1112 4566 1188 4620 acris
1207 4568 1237 4621 in

189 4645 360 4710 Oldelonde,
389 4653 419 4699 et
443 4645 479 4699 de
507 4662 612 4698 novem
630 4645 707 4698 acris
735 4645 764 4696 in
790 4645 848 4698 alio
875 4663 978 4717 campo
1003 4648 1035 4702 in
1053 4649 1235 4712 Benecroste,

190 4746 259 4785 cum
283 4730 436 4800 mesuagio
461 4728 542 4799 quod
568 4728 716 4783 Robertus
733 4728 810 4782 Bath
835 4730 940 4794 tenuit,
960 4738 991 4784 et
1013 4749 1080 4786 cum
1098 4739 1181 4804 prato
1199 4733 1240 4788 ad
