3218 5640
361 789 424 853 286
642 799 892 850 cuarammuu
914 800 1127 853 uounsrsuu

358 978 472 1034 abbatis
498 983 528 1033 et
552 981 720 1039 convontus,
741 994 809 1031 cum
837 978 899 1032 suis
918 978 1054 1032 omnibus
1073 978 1184 1049 ubique
1209 979 1414 1050 pertinentiis;

358 1064 440 1118 illam
462 1062 577 1118 scilicet
597 1079 686 1132 quam
705 1061 875 1117 Willelmus
900 1062 979 1118 filius
1000 1063 1125 1118 Henrici
1150 1063 1296 1135 quondam
1320 1064 1418 1119 tenuit

358 1148 435 1220 apud
458 1146 605 1201 Snedham
616 1169 624 1210 ;
649 1146 813 1200 habendam
834 1154 864 1202 et
884 1147 1040 1202 tenendam
1065 1147 1152 1202 dietis
1176 1148 1275 1203 abbati
1296 1153 1327 1204 et
1347 1166 1415 1203 con·

358 1231 460 1288 ventui
493 1236 523 1285 et
553 1247 654 1285 eorum
688 1230 931 1296 successoribus,
948 1231 1051 1296 libere,
1086 1232 1195 1303 quiete,
1224 1232 1357 1304 pacifice,
1384 1239 1416 1288 et

358 1319 483 1387 integre,
509 1316 541 1369 iu
564 1319 750 1386 perpetuum,
775 1333 843 1371 cum
875 1317 1011 1371 omnibus
1036 1316 1224 1372 libertatibus
1258 1324 1288 1372 et
1311 1318 1415 1372 liberis

358 1399 619 1457 consuetudinibus
641 1399 679 1454 ad
699 1400 872 1470 proedictum
891 1407 1001 1456 terram
1020 1401 1251 1473 pertinentibus·
1274 1401 1415 1457 videlicet

358 1489 388 1542 in
407 1487 495 1540 bosco
507 1492 538 1541 ct
557 1485 653 1556 plano,
670 1485 764 1555 pratis
783 1489 813 1538 ct
833 1485 961 1556 pascuis,
976 1486 1007 1539 in
1025 1486 1081 1540 viis
1100 1492 1131 1542 et
1149 1486 1220 1540 sem'
1249 1504 1273 1549 s,
1287 1486 1412 1556 hayoiis,

359 1578 389 1627 et
407 1571 540 1625 omnibus
560 1569 627 1623 aliis
646 1567 719 1622 locis
738 1567 775 1621 ad
792 1568 966 1639 praedictam
984 1576 1094 1624 terram
1112 1570 1339 1641 pcrtinentibus.

395 1653 555 1710 Reddenda
574 1652 641 1707 iude
668 1653 818 1708 annuatim
836 1653 909 1707 mihi
938 1661 969 1709 ct
992 1654 1158 1710 haeredibus
1178 1673 1230 1710 seu
1255 1655 1415 1727 assignatis

359 1740 433 1794 meis
459 1738 531 1794 dicti
559 1737 648 1792 abbas
667 1742 697 1791 et
721 1743 891 1801 conventus,
913 1743 1062 1793 eteorum
1090 1757 1284 1805 successores,
1305 1739 1414 1810 viginti

360 1824 468 1880 solidos
487 1822 698 1892 sterlingorum
723 1821 760 1876 ad
788 1828 914 1893 quatuor
939 1824 1008 1877 anni
1026 1825 1185 1890 terminos3
1210 1823 1353 1879 videlicet
1377 1825 1414 1879 nd

359 1912 467 1964 sestam
488 1906 588 1962 Sancti
607 1905 733 1960 Andreas
759 1905 890 1977 quinque
916 1907 1036 1970 solidos,
1057 1908 1094 1962 ud
1118 1910 1226 1964 festum
1244 1908 1415 1963 Annuntia-

358 1994 447 2049 tionis
465 1991 564 2046 Beata
591 1990 693 2045 Mariae
708 1991 850 2062 ·quinque
878 1990 996 2056 solidos,
1023 1992 1060 2047 ud
1086 1991 1281 2049 Nativitatem
1311 1992 1415 2048 Sancti

360 2076 504 2133 Johannis
534 2074 678 2146 Baptista
709 2075 837 2146 quinque
877 2075 995 2139 solidos,
1028 2080 1058 2132 et
1095 2076 1132 2130 od
1170 2078 1280 2132 festum
1296 2076 1415 2133 'Sancti

359 2160 514 2217 Michaelis
543 2160 672 2230 quinque
692 2158 811 2223 solidos,
831 2176 884 2231 pro
911 2160 1046 2215 omnibus
1065 2161 1204 2225 servitiis,
1225 2160 1326 2226 sectis,
1347 2179 1414 2216 con·

360 2244 575 2308 suetudinibus,
596 2249 626 2298 et
645 2243 835 2298 soecularibus
861 2243 1012 2299 domandis
1031 2244 1069 2300 ad
1087 2262 1134 2299 me
1152 2245 1201 2301 vel
1219 2245 1257 2301 ad
1280 2245 1415 2300 haeredes

360 2330 427 2385 inde
455 2328 679 2400 pertinentibus.
718 2327 758 2382 Et
783 2346 838 2398 ego
866 2328 1024 2399 pradictus
1051 2329 1199 2385 Jobannes
1225 2335 1256 2385 et
1279 2330 1415 2386 haeredes

360 2416 428 2480 mei,
443 2413 659 2486 praenominatis
673 2412 770 2467 abbati
789 2418 819 2467 ct
837 2415 1002 2478 conventui,
1016 2420 1108 2469 totam
1125 2414 1278 2486 praelatam
1291 2421 1413 2480 terram,

361 2518 429 2555 cum
459 2498 594 2554 omnibus
625 2498 687 2553 suis
720 2497 914 2570 pertinentiis,
946 2504 1047 2553 contra
1077 2516 1177 2563 omnes
1212 2500 1348 2555 homines
1386 2504 1417 2554 et

361 2581 508 2640 foeminas'
536 2583 566 2637 in
604 2588 780 2654 perpetuum
819 2583 1084 2648 warantizabimus,
1123 2583 1352 2655 aquietabimus‚
1385 2590 1416 2639 et

361 2668 560 2724 defendemus.
598 2668 656 2721 Pro
675 2668 729 2721 hac
751 2671 848 2721 autem
870 2668 1033 2734 donatione,
1054 2669 1250 2733 concessione,
1273 2674 1304 2724 et
1323 2673 1415 2724 oartae

359 2772 432 2808 mesu
445 2752 674 2816 confirmationc,
689 2750 832 2806 dedorunt
850 2753 922 2807 mihi
941 2754 1095 2808 memorati
1108 2753 1197 2808 abbas
1209 2758 1239 2807 et
1250 2759 1414 2809 conventus

359 2838 466 2907 viginti
485 2854 599 2892 marcas
622 2835 841 2906 sterlingorum.

394 2922 433 2976 Et
459 2922 529 2993 quia
553 2921 620 2977 volo
646 2920 724 2991 quod
750 2921 813 2975 baec
840 2937 906 2975 mea
931 2921 1058 2987 donatio,
1088 2923 1245 2988 concessio,
1265 2928 1297 2977 ct
1324 2927 1414 2978 eartae

359 3007 540 3062 confirmatio
568 3004 773 3077 perpetuitatis
800 3006 890 3060 robur
909 3005 1048 3070 obtineat,
1068 3012 1243 3078 praesentem
1261 3008 1412 3078 paginam,

359 3097 415 3146 oto.

642 3280 916 3349 DOCOLXXIX.
940 3283 1124 3351 Suedium.

191 3411 262 3465 M)-
276 3418 339 3464 1263
397 3418 498 3474 Sciant
527 3420 686 3488 pressantes
717 3422 746 3470 et
776 3417 879 3482 futuri,
909 3419 986 3488 quod
1016 3437 1068 3473 nos
1100 3417 1323 3492 R[eginaldus],
1355 3417 1414 3476 Dei
1456 3449 1460 3455 ·

193 3485 282 3531 -1284,

193 3561 231 3612 Of
238 3560 281 3609 the

245 3644 259 3678 e

360 3504 457 3574 gratia
493 3502 582 3557 abbas
613 3507 643 3557 et
672 3507 831 3556 conventus
864 3501 964 3556 Sancti
997 3502 1079 3557 Petri
1110 3502 1313 3568 Glaucestriae,
1346 3522 1415 3560 con·
1477 3569 1479 3573 ,

359 3589 502 3643 cessimus
521 3593 551 3641 ct
568 3585 745 3640 tradidimus
767 3587 907 3656 Philippo
931 3587 992 3640 filio
1010 3586 1141 3658 Philippi
1160 3586 1196 3641 de
1214 3587 1412 3654 Mattesdone,

360 3690 413 3746 pro
436 3672 573 3741 homagio
599 3676 629 3725 ot
654 3670 775 3725 servitio
802 3687 864 3734 suo,
891 3688 981 3724 unum
1010 3671 1195 3741 mesuagium
1219 3689 1286 3725 cum
1311 3673 1415 3728 curtil-

359 3758 439 3827 lagio
460 3762 490 3811 et
507 3762 570 3811 tota
592 3760 672 3809 terra
691 3773 779 3826 quam
798 3755 945 3810 tenuimus
970 3755 1000 3809 iu
1022 3755 1168 3810 Snedbam
1187 3773 1222 3809 cx
1240 3756 1414 3812 dimissione

361 3841 502 3895 Johamris
530 3841 566 3894 de
591 3840 764 3903 Albiniaco,¹
791 3857 858 3894 cum
877 3858 978 3909 grava,
1005 3846 1099 3910 prato,
1125 3847 1155 3895 ot
1181 3840 1317 3895 omnibus
1347 3860 1415 3913 per·

360 3925 491 3981 tinentiis
511 3925 582 3986 suis,
596 3929 716 3994 excepta
728 3924 781 3977 illa
792 3930 874 3994 parto
887 3931 973 3978 terrra
992 3942 1080 3994 quam
1092 3924 1249 3995 praedictus
1263 3924 1282 3978 J
1284 3926 1415 3981 ohannes

360 4007 510 4064 Willelmo
522 4007 558 4060 de
572 4007 693 4062 Ocholte
706 4006 837 4071 dimisit;
858 4007 1024 4062 habendum
1038 4014 1067 4061 ct
1085 4007 1252 4073 tenendum,
1272 4007 1310 4062 de
1328 4011 1415 4065 nobis

361 4100 391 4148 et
410 4092 626 4147 successoribus
645 4092 762 4156 nostris,
783 4083 840 4146 sibi
859 4098 889 4146 et
906 4092 1073 4146 haeredibus
1093 4092 1164 4157 suis,
1184 4091 1287 4157 libere,
1303 4094 1414 4164 quiete,

359 4179 443 4242 boue,
469 4183 498 4231 ot
522 4176 552 4230 iu
576 4194 655 4248 paee,
682 4176 713 4230 in
737 4182 933 4248 perpetuum
970 4177 1111 4231 videlieet
1134 4177 1165 4230 in
1188 4176 1286 4241 bosco,
1312 4177 1414 4248 plano,

358 4261 459 4332 pratis,
484 4262 612 4333 pascuis,
638 4261 705 4325 viis,
732 4261 856 4325 semitis,
879 4261 1001 4331 hayciis,
1023 4267 1052 4316 ct
1076 4260 1106 4315 in
1127 4259 1262 4316 omnibus
1282 4261 1358 4317 locis
1377 4262 1416 4318 ad

259 4418 261 4423 Ι
359 4346 467 4400 dictam
486 4353 594 4400 terram
613 4345 835 4414 pcrtinentibus.

395 4429 554 4484 Rcddcudo
585 4428 651 4483 iudo
689 4430 839 4484 annuatim
868 4429 952 4483 nobis
992 4436 1022 4485 et
1051 4430 1269 4486 successoribus
1301 4431 1416 4487 nostris

358 4514 466 4583 viginti
488 4513 596 4568 solidos
618 4514 830 4583 sterlingorum
850 4512 887 4567 ad
910 4519 1036 4584 quatuor
1057 4515 1124 4568 anni
1145 4515 1304 4579 terminos.;
1331 4515 1417 4571 vide·

359 4598 430 4651 licet
447 4596 484 4651 ad
502 4597 798 4653 NativitatemBeati
818 4597 960 4652 Johau‘uis
980 4598 1121 4668 Baptistae
1140 4599 1269 4668 quinque
1289 4599 1414 4664 solidos,

395 4764 401 4792 ¹
421 4763 450 4811 In
463 4763 506 4813 the
518 4762 616 4827 margin
628 4764 687 4814 here
696 4765 717 4814 is
727 4764 845 4826 inserted,
857 4765 884 4815 in
896 4781 911 4816 a
922 4766 985 4815 later
996 4765 1071 4825 hund,
1083 4763 1189 4823 Ocholte,
1201 4763 1368 4817 Matremne.
