3218 5640
398 771 440 834 60
684 778 928 830 cserunumun
951 776 1159 827 nouusrmn

398 958 471 1012 dire.
522 955 725 1012 Concessimus
756 961 786 1010 et
815 955 972 1026 episcopali
1007 953 1179 1009 auctoritate
1210 951 1265 1006 sub
1295 946 1451 1022 praesentis

399 1042 501 1113 scripti
520 1041 686 1097 testimonio
713 1046 743 1095 et
767 1039 857 1111 sigilli
883 1039 974 1095 nostri
993 1037 1183 1110 impressione
1202 1035 1450 1096 confirmavimus

400 1127 481 1181 salva
498 1126 529 1180 iu
544 1126 678 1180 omnibus
697 1124 895 1179 Landevensis
914 1123 1045 1179 ecclesiae
1057 1122 1210 1193 dignitate,
1225 1126 1255 1176 et
1267 1119 1449 1175 vicariorum

400 1212 431 1266 in
449 1211 491 1266 eis
510 1210 739 1267 ministrantium
756 1209 891 1265 honestas
908 1208 1142 1264 sustentationes.
1179 1205 1249 1262 Hiis
1267 1203 1403 1261 testibus.

735 1481 902 1547 DXXIII.
926 1480 974 1546 De
996 1479 1114 1549 eodem.

235 1646 380 1699 .l.l).1219
437 1642 590 1699 Universis
609 1643 718 1698 Christi
738 1643 872 1698 fidelibus
893 1643 930 1697 ed
951 1661 1023 1714 quos
1040 1659 1170 1714 praesens
1189 1639 1331 1713 scriptum
1348 1657 1454 1712 pesve·

233 1715 324 1766 4²³⁰·
401 1729 487 1792 uerit,
507 1728 684 1792 willelmus,
704 1727 761 1781 Dei
786 1728 883 1798 gretia
908 1727 1105 1784 Landaveusis
1132 1726 1296 1797 episcopus,
1325 1724 1453 1780 salntem

235 1794 323 1845 (ΜΕ
402 1813 432 1867 in
451 1813 585 1868 Domino.

234 1876 309 1912 'me'
436 1896 561 1952 Noverit
578 1897 755 1952 universitas
773 1902 872 1951 vestra
890 1895 968 1968 qnod
986 1914 1047 1961 nos,
1067 1894 1174 1950 divine
1193 1894 1310 1966 pietatis
1328 1893 1452 1958 intuitu,

403 1978 551 2052 [assensu]
566 1982 655 2036 totius
668 1980 789 2052 capituli
802 1980 903 2045 nostri,
920 1980 1006 2050 juxta
1023 1984 1153 2034 tenorem
1171 1983 1260 2034 certae
1271 1977 1453 2034 venerabilis

401 2064 624 2136 praedecessoris
651 2064 744 2119 nostri
762 2064 886 2119 Henrici
913 2064 1058 2134 quondam
1085 2062 1283 2118 landavensis
1310 2062 1452 2133 episcopi,

403 2167 491 2220 quam
509 2148 697 2220 inspeximus,
718 2148 871 2203 ecelesiam
891 2148 991 2203 Sancti
1011 2146 1136 2202 Gundlei
1163 2146 1200 2202 de
1225 2146 1310 2202 Novo
1337 2146 1453 2218 Bnrgo,

403 2251 469 2288 enm
482 2233 612 2305 capellis,
623 2233 720 2297 terris,
734 2232 866 2297 decimis,
882 2232 1079 2303 proventibus,
1093 2238 1123 2286 et
1135 2231 1269 2287 omnibns
1280 2230 1319 2286 ed
1329 2229 1456 2287 eandem

402 2318 624 2387 pertinentibus,
645 2317 760 2372 dilectis
786 2316 857 2371 filiis
882 2317 979 2370 abbati
1006 2323 1036 2370 et
1061 2315 1215 2371 conventui
1242 2315 1342 2370 Sancti
1369 2314 1455 2370 Petri

403 2401 594 2457 Gloucestriae
612 2402 808 2456 concessimus
827 2406 857 2454 et
875 2399 1146 2465 confirmavimus¹3
1165 2399 1327 2455 habendam
1345 2404 1456 2470 etpos-

403 2485 552 2540 sidcudam
570 2485 672 2550 libere,
693 2485 801 2555 quiete,
821 2491 851 2539 et
868 2484 997 2555 pacifice,
1011 2483 1042 2538 in
1060 2483 1192 2556 proprios
1211 2501 1281 2538 usus
1300 2483 1332 2538 in
1348 2499 1456 2554 perpe·

403 2575 506 2635 tuum;
534 2569 614 2624 salvo
641 2569 671 2623 iu
697 2568 830 2624 omnibus
853 2568 921 2639 jure
940 2568 1138 2624 Lendavensis
1156 2567 1297 2634 ecclesie,
1323 2572 1355 2623 et
1372 2567 1458 2624 salvs

404 2652 580 2723 competenti
598 2652 716 2708 vicarie¹

442 2735 525 2804 Quod
543 2735 621 2809 quia,
641 2742 695 2792 etc.

745 3001 903 3070 DXXIV.
927 3005 976 3070 De
999 3002 1118 3071 codem.

238 3160 306 3216 Al)-
322 3172 383 3218 1219
443 3168 594 3227 Universis
613 3167 724 3225 Christi
755 3170 889 3226 fidelibus
917 3170 954 3225 ed
981 3189 1053 3241 quos
1081 3186 1209 3241 praesens
1228 3168 1371 3241 scriptum
1388 3187 1458 3241 per·

237 3238 328 3284 4230.
407 3254 528 3320 venerit,
548 3253 724 3319 willelmus,
744 3253 800 3309 Dei
824 3255 922 3325 gratie
946 3254 1143 3311 landavensis
1171 3253 1303 3309 ecclesie
1320 3253 1459 3310 minister

236 3312 326 3429 giuthe
406 3339 536 3402 humilis,
557 3338 681 3394 salutem
700 3338 730 3392 in
748 3337 884 3394 Domino.

237 3396 315 3511 ,3¹32
441 3423 566 3479 Noverit
582 3417 759 3479 universitas
777 3428 877 3478 vestra
893 3440 955 3488 nos,
975 3421 1082 3477 divinoe
1100 3422 1217 3494 pietatis
1236 3421 1354 3487 intuitu,
1370 3421 1459 3495 juxta

319 3497 325 3509 ’
405 3513 536 3564 tenorem
555 3512 643 3563 carta
666 3506 843 3562 venerabilis
869 3506 1091 3578 predecessoris
1115 3505 1206 3562 nostri
1225 3506 1347 3562 Henrici
1366 3525 1460 3579 quen·

406 3592 473 3646 dam
492 3590 690 3646 Landavensis
709 3590 847 3662 episcopi,
868 3592 1054 3647 confirmasse
1078 3589 1193 3647 dilectis
1217 3590 1287 3646 filiis
1304 3590 1402 3646 abbati
1427 3598 1461 3646 ot

405 3674 560 3731 conventui
581 3674 679 3730 Sancti
705 3674 789 3729 Petri
815 3674 1007 3730 Glcucestrim
1034 3692 1134 3730 omnes
1162 3675 1301 3730 ecclesias
1327 3691 1401 3745 quas
1425 3675 1461 3730 in

406 3759 534 3831 dyoecesi
552 3764 650 3814 nostre
667 3758 774 3813 hebere
785 3764 954 3824 noscuntur,
968 3757 1175 3815 convertendas
1192 3759 1224 3814 in
1241 3758 1374 3830 proprios
1385 3777 1461 3815 usus

406 3862 474 3899 cum
501 3861 550 3898 cas
576 3860 680 3898 vacare
706 3842 872 3914 eontigerit,
900 3847 930 3898 et
956 3843 1144 3914 possidendas
1170 3842 1272 3908 libere,
1299 3844 1408 3914 quiete,
1428 3850 1461 3899 et

407 3928 537 3998 pacifice,
557 3945 624 3982 cum
648 3925 779 3997 capellis
799 3927 896 3991 terris,
917 3927 1048 3992 decimis,
1076 3933 1106 3982 et
1132 3926 1264 3983 omnibus
1283 3927 1349 3982 aliis
1368 3926 1460 3998 perti·

408 4012 515 4067 uentiis
539 4011 620 4076 suis;
646 4011 727 4066 salvo
754 4011 785 4064 in
808 4011 942 4066 omnibus
963 4011 1031 4081 jure
1049 4009 1248 4067 Lendavensis
1266 4009 1408 4076 ecclesias,
1428 4016 1462 4066 et

410 4096 499 4151 salvis
517 4095 747 4167 competentibus
765 4095 884 4150 vicariis
902 4095 933 4149 in
951 4095 1071 4150 eisdem.

446 4179 529 4248 Quod
555 4181 625 4251 quia
648 4186 745 4235 ratum
769 4197 833 4235 esse
864 4180 1009 4246 volumus,
1036 4198 1165 4251 praesens
1191 4179 1333 4252 scriptum
1359 4177 1463 4252 sigillo

411 4269 511 4319 nostro
528 4265 673 4319 munitum
692 4263 735 4319 eis
754 4262 937 4319 tradidimus.

513 4545 520 4576 ¹
538 4543 742 4610 sustentavimus]
762 4540 817 4594 The
829 4544 854 4594 ui
864 4543 891 4594 in
902 4542 952 4596 this
962 4546 1032 4596 vcrd
1042 4545 1066 4595 is
1077 4543 1211 4596 interlined
1222 4543 1248 4596 in
1259 4543 1303 4595 the
1313 4541 1371 4596 MS.
