3218 5640
388 819 432 881 34
670 833 917 888 cleronomos
938 836 1145 889 nonasrnen

423 1008 487 1065 Nos
515 1011 610 1081 igitur
639 1011 709 1068 huie
738 1011 958 1077 confirmationi,
991 1014 1067 1069 siout
1096 1013 1232 1070 canonice
1267 1014 1345 1069 factu
1380 1017 1436 1075 est,

388 1111 540 1150 assensum
570 1097 743 1169 praebentes,
774 1116 838 1153 eam
868 1099 1006 1170 proesenti
1033 1099 1142 1171 scripto
1169 1104 1199 1156 et
1224 1097 1316 1170 sigilli
1343 1096 1439 1154 nostri

388 1180 567 1251 oppositione
584 1182 814 1249 corroboramus,
834 1187 889 1239 ete.

662 1375 948 1445 OOCOLXXVII.
973 1379 1021 1444 De
1040 1378 1157 1445 eodem.

219 1509 366 1563 A.D.1154
422 1521 578 1589 Esuriens,
607 1521 671 1596 [rex
694 1526 836 1598 Angliae,]
865 1528 924 1583 dus
947 1528 1134 1583 Normanniae
1161 1533 1192 1583 et
1208 1525 1385 1598 Aquitaniae,
1406 1531 1437 1580 et

219 1581 310 1707 δ’ἐκ·
386 1623 482 1663 eomes
500 1607 689 1679 Andeguvias,
710 1611 867 1676 willelmo,
888 1611 943 1666 Dei
962 1612 1058 1683 gratia
1080 1612 1261 1668 Noruioensi
1285 1610 1435 1682 episeopo,

218 1657 307 1774 samffle
386 1696 416 1746 ot
433 1691 555 1762 Hugoni
573 1694 672 1750 comiti
691 1695 727 1750 do
745 1694 775 1748 N
776 1696 904 1762 orfoleia,
926 1696 1058 1751 salutem.

217 1763 296 1853 filei
308 1804 330 1857 ὁ,
419 1775 528 1832 Mando
553 1778 647 1843 vobis,
676 1784 708 1833 et
733 1781 882 1851 praeeipio,
910 1785 941 1836 et
965 1780 1124 1851 diligenter
1150 1796 1261 1852 precor,
1294 1778 1434 1849 quatinus

384 1860 533 1916 monachis
563 1861 755 1919 Glouoestn'ae
780 1864 887 1919 habere
915 1864 1028 1919 laniatis
1055 1882 1155 1920 omnes
1176 1872 1269 1920 terras
1292 1871 1324 1918 et
1336 1863 1436 1918 eoele-

383 1945 444 2000 sias
462 1951 492 2000 et
510 1945 638 2002 decimas
658 1947 789 2003 ecclesius
809 1947 908 2003 Sanoti
927 1947 1008 2003 Petri
1028 1947 1218 2005 Gloneestriae
1241 1947 1434 2019 pertinentes,

383 2046 449 2099 qnae
476 2030 554 2101 apud
579 2048 632 2086 vos
659 2036 737 2095 sunt,
765 2049 802 2086 ne
832 2032 945 2103 aliquid
970 2032 1002 2086 in
1031 2032 1162 2104 partibus
1193 2032 1300 2089 vestris
1330 2031 1436 2087 auxilii

381 2113 474 2170 vestri
490 2116 540 2171 vel
554 2115 679 2187 justitias
696 2115 836 2187 penuria¹
855 2117 997 2172 amittant.

416 2197 553 2256 Testibus
579 2201 684 2258 comite
701 2200 884 2257 Herelordiae
910 2207 940 2258 et
957 2201 1093 2257 Munaser
1110 2201 1214 2259 Biseth
1239 2199 1318 2273 opud
1343 2197 1435 2257 Glou·

381 2283 527 2341 cestriam.

649 2466 953 2535 OCOOLXXVIII.
977 2468 1025 2533 De
1047 2466 1167 2533 eodem.

212 2606 280 2659 AD·
295 2614 359 2661 11⁰0
416 2615 574 2682 Heurious,
594 2585 645 2670 ren
672 2615 799 2686 Anglire,
827 2613 1013 2686 H[erbe1to]‚
1034 2616 1170 2688 episcopo
1188 2615 1224 2670 de
1243 2615 1433 2683 Theolordio,

211 2679 301 2727 '¹¹¹⁹‘
379 2705 410 2754 et
435 2700 552 2770 Rogero
577 2700 683 2771 Bigod,
710 2707 739 2754 et
764 2701 897 2754 omnibns
923 2700 1089 2764 baronibus,
1109 2700 1230 2755 Francis
1256 2706 1286 2755 et
1310 2700 1431 2771 singlis,

212 2751 300 2806 Ofthe
378 2783 415 2837 de
432 2783 625 2848 Northfolcia,
646 2784 780 2840 salutem.

210 2832 284 2872 'me‘
416 2867 523 2922 Sciatis
541 2885 588 2921 me
607 2869 785 2924 concessisse
804 2868 912 2921 donum
931 2868 1008 2938 quod
1025 2874 1109 2938 pater
1126 2886 1209 2922 meus
1228 2867 1310 2922 dedit
1323 2868 1434 2924 Sancto

378 2951 467 3006 Petro
479 2951 515 3005 de
529 2951 714 3007 Gloneestria
725 2958 755 3007 et
767 2952 916 3006 monachis
935 2952 966 3005 in
977 2951 1105 3018 Norwiz,
1119 2952 1257 3008 videlieet
1274 2953 1433 3008 ecelesiam

377 3035 477 3092 saneti
496 3034 578 3090 Petri
596 3053 661 3107 qum
680 3040 726 3089 est
743 3036 773 3088 in
790 3040 930 3090 mereatu.

411 3119 500 3177 Teste
517 3119 634 3191 Rogero
652 3118 749 3190 Bigod
767 3117 844 3191 apud
863 3118 1050 3174 Londoniam.

658 3332 929 3400 OCOOLXXIX.
951 3333 1002 3399 De
1024 3331 1142 3399 eodem.

206 3484 276 3535 AD.
291 3490 354 3537 1162
409 3483 575 3558 T[homas],
590 3483 647 3539 Dei
665 3483 762 3554 gratia
773 3481 990 3537 cantuariensis
1003 3482 1246 3554 archiepiscopus,
1260 3481 1430 3555 Anglorurn

206 3556 297 3603 '¹¹⁷0·
374 3571 484 3643 primos
503 3576 533 3625 et
549 3566 726 3640 Apostolioae
753 3565 837 3620 Sedis
856 3565 980 3634 legatus,
1001 3565 1160 3621 venerabili
1179 3566 1265 3621 fratri
1283 3574 1315 3622 et
1333 3568 1431 3624 amieo

207 3629 296 3681 Ofthe
373 3651 562 3725 W[illelmo]‚
582 3650 764 3708 Norwieensi
783 3649 929 3720 episcope,
950 3649 1082 3703 salutem.

205 3712 281 3748 sama
408 3738 533 3795 Noverit
557 3736 666 3791 dilecta
692 3733 776 3787 nobis
803 3739 832 3787 et
849 3733 1013 3787 veneranda
1031 3732 1198 3788 fraternitas
1218 3739 1326 3796 vostra,
1348 3736 1430 3807 quod

372 3821 493 3894 speciali
519 3820 613 3876 amico
638 3823 737 3872 nostro
762 3813 958 3886 H[amelino],
978 3815 1076 3869 abbati
1101 3823 1131 3871 et
1157 3818 1308 3873 monachis
1337 3817 1431 3874 Glou-

371 3907 495 3970 cestris,
516 3902 642 3977 speciale
667 3900 842 3956 indulsimus
868 3900 996 3970 gratiose
1020 3899 1202 3967 beneficium,
1222 3902 1364 3958 videlicet
1395 3913 1432 3960 ut

372 3988 526 4044 eeclesiam
546 3986 646 4043 Sanoti
664 3985 746 4041 Petri
774 4000 862 4054 quam
888 3981 995 4036 habent
1012 3983 1044 4036 in
1063 3983 1124 4038 soro
1141 3984 1272 4040 Nonnisi
1290 3985 1329 4040 ed
1348 4005 1430 4043 eom-

372 4070 491 4128 modnm
510 4087 597 4126 suum
623 4073 711 4140 prout
733 4066 839 4121 molins
857 4066 993 4137 poterint,
1014 4066 1165 4122 collocent.
1203 4069 1243 4124 Et
1259 4069 1291 4122 in
1309 4069 1377 4136 hoo,
1391 4078 1432 4147 *et

372 4157 403 4210 in
428 4155 543 4210 eaeteris
568 4152 694 4223 negotiis
725 4150 795 4213 suis,
822 4155 953 4205 vestrum
971 4149 1064 4204 nostri
1090 4167 1187 4204 amore
1206 4158 1237 4206 et
1255 4153 1354 4222 gratia
1373 4155 1432 4209 im·

372 4237 507 4310 pendatis
525 4236 667 4291 auxilium
685 4241 715 4290 et
733 4232 897 4297 eonsilium,
915 4251 1027 4287 necnon
1051 4238 1080 4286 et
1098 4234 1313 4300 auctoritatem,
1334 4255 1372 4291 ne
1393 4256 1430 4294 ox

372 4321 488 4375 defectu
515 4326 622 4375 vestrae
649 4316 829 4372 auctoritatis
857 4315 973 4384 aliquid
995 4332 1096 4369 rerum
1122 4334 1240 4371 suarum
1271 4319 1432 4378 incurrant

372 4404 590 4465 detrimentum,
616 4407 649 4456 ut
675 4401 756 4457 vobis
782 4399 892 4476 gratim
918 4400 1087 4464 referamus,
1115 4406 1144 4454 et
1170 4401 1253 4458 vobis
1280 4420 1335 4476 pro
1362 4406 1428 4462 illis

373 4488 543 4543 obnoxiores
561 4486 728 4540 existamus.

634 4615 761 4622 ..-.-.-—.-
823 4612 1010 4620 φήῃ-ᾳ--.
1027 4614 1031 4618 -
1042 4613 1325 4623 .-—--.-.......-.—-.
1334 4617 1360 4623 -,

402 4701 409 4732 ¹
430 4700 549 4764 mitigavit
563 4697 586 4746 is
598 4695 704 4745 inserted
716 4694 742 4744 in
754 4692 797 4742 the
813 4691 870 4744 uls.
886 4692 969 4744 before
985 4693 1105 4753 suillum,
1116 4695 1160 4744 but
1176 4695 1238 4744 with
1258 4696 1302 4745 the
1322 4698 1384 4762 sign
1402 4703 1435 4751 os

370 4793 478 4832 mure.
