3218 5640
384 784 451 856 270
667 801 915 856 mmmmm
936 806 1149 858 susis-suun

381 984 539 1033 tenuerunt
551 978 588 1033 de
599 979 766 1035 hominihus
779 982 896 1036 servilis
908 982 1082 1038 conditionis
1094 983 1254 1039 eorundem
1265 983 1302 1037 de
1314 982 1434 1054 Μιγω-

380 1064 964 1128 rnore3hubeudumettcuendu1usihi
991 1078 1021 1123 et
1045 1068 1211 1123 heredssrus
1235 1068 1433 1133 suis‚libere,

380 1154 411 1200 ct
433 1149 542 1218 quiete,
563 1149 593 1203 iu
611 1150 766 1215 dominico,
785 1152 831 1206 de·
849 1153 1013 1223 saepefflch's
1039 1153 1144 1210 abbate
1167 1160 1199 1210 et
1221 1159 1368 1209 conventu
1385 1151 1434 1208 et¹

380 1249 482 1286 eorum
512 1235 731 1290 successorihus
759 1237 789 1290 in
821 1243 1007 1308 perpetuum,
1034 1239 1117 1293 salvo
1140 1246 1225 1310 prato
1247 1239 1368 1311 capellis
1395 1236 1434 1292 de

380 1320 566 1392 Meyesmore
585 1323 664 1394 quod
689 1325 727 1379 sb
751 1325 874 1396 antiquo
897 1327 1024 1386 nomine.
1039 1326 1162 1382 decimus
1185 1328 1338 1399 percipere
1364 1343 1433 1382 con-

379 1420 547 1462 sueverunt.

414 1489 455 1544 [t
480 1504 578 1546 sutem
605 1493 668 1546 haec
686 1494 868 1564 compositio,
888 1495 988 1564 quiete
1006 1495 1151 1558 clnmntio,
1171 1504 1202 1550 et
1227 1495 1431 1566 cujuscunque

377 1574 532 1630 'columniis
550 1578 695 1642 remissio,
708 1586 858 1648 perpetum
875 1579 1023 1635 firmitatis
1041 1580 1131 1634 rohur
1148 1579 1286 1643 obtinent,
1298 1596 1432 1651 praesens

377 1660 519 1730 scriptum
539 1661 569 1715 in
586 1661 705 1717 modum
724 1663 901 1734 cyrographi
918 1663 996 1719 inter
1016 1681 1066 1719 eos
1084 1664 1248 1720 confectum
1265 1668 1321 1718 est.
1359 1662 1430 1719 Hiis

376 1744 510 1800 testibus.

720 1985 944 2053 DCCCLVII.
968 1985 1074 2051 Ocm.

410 2150 511 2206 Scieut
528 2158 687 2220 presentes
705 2159 736 2205 et
753 2151 855 2213 futuri,
870 2150 954 2221 'quod
971 2167 1028 2220 ego
1045 2147 1212 2205 willelmus
1230 2147 1268 2202 de
1285 2147 1373 2203 Bcun
1391 2148 1430 2204 de

272 2263 279 2274 ·
373 2233 468 2291 Overe
486 2233 563 2297 dedi.
580 2240 611 2289 et
628 2235 770 2297 concessi,
783 2243 814 2290 et
831 2235 886 2289 hec
904 2243 1047 2306 presente
1063 2242 1145 2289 certe
1161 2250 1227 2288 mes
1244 2233 1428 2297 confirmem,

374 2318 508 2375 Gslfrido
535 2318 572 2373 de
590 2318 730 2374 Westone
754 2324 784 2373 et
810 2319 976 2373 heredibus
1002 2317 1073 2381 suis,
1093 2317 1141 2371 vel
1167 2318 1326 2388 assignetis
1352 2318 1427 2381 suis,

374 2412 465 2459 totum
485 2411 594 2458 terrem
612 2421 718 2467 meam,
738 2421 805 2457 cum
830 2403 1015 2473 pertinentiis
1034 2402 1106 2464 suis,
1126 2402 1157 2455 in
1174 2401 1300 2456 rilinde
1318 2401 1427 2465 Overe,

373 2489 488 2544 scilicet
518 2495 611 2542 totam
646 2488 727 2541 illem
767 2494 876 2543 terrem
912 2505 979 2541 cum
1015 2485 1200 2558 pertinentiis
1236 2486 1299 2542 suis
1337 2503 1429 2556 quem

371 2574 494 2642 Edsnys
510 2571 540 2626 le
567 2571 644 2642 Ssge
663 2572 821 2643 aliquando
840 2572 936 2626 tenuit
962 2572 992 2625 in
1018 2569 1120 2625 eedem
1146 2569 1219 2624 ville
1244 2569 1282 2624 de
1309 2568 1425 2636 Orere3

369 2656 508 2712 videlicet
532 2673 622 2709 unum
648 2657 842 2726 mesuagium,
868 2664 899 2710 ct
924 2663 985 2710 tres
1015 2672 1098 2710 nerse
1124 2660 1212 2708 cerm
1241 2654 1373 2719 nubilis,
1394 2660 1427 2710 et

370 2757 458 2794 uusm
483 2757 581 2794 nerem
607 2739 694 2810 preti,
713 2757 781 2794 cum
806 2739 941 2795 omnibus
967 2737 1150 2810 pertinentiis
1179 2736 1261 2803 suis;
1288 2737 1426 2793 hubeuds

369 2831 400 2877 et
424 2823 558 2887 tenende,
576 2829 639 2878 tote
662 2823 726 2878 vite
751 2840 826 2885 mes,
852 2824 914 2878 siue
939 2822 1039 2893 ulique
1064 2821 1257 2877 retinemento
1284 2820 1323 2876 ed
1348 2840 1425 2895 opus

368 2925 466 2961 meum
485 2909 532 2962 vel
551 2908 702 2962 heredum
719 2925 861 2962 meorum.

404 2990 563 3046 Beddeudo
581 2991 649 3046 inde
674 2992 823 3046 annuatim
850 2991 948 3045 ubbsti
972 2997 1003 3046 ct
1028 2989 1183 3045 conventui
1211 2988 1313 3045 Ssucti
1339 2989 1425 3045 Petri

368 3073 560 3130 Gloucestriae
579 3075 651 3129 duos
670 3075 778 3130 solidos
797 3075 833 3129 sd
852 3081 977 3145 quatuor
995 3074 1064 3128 euni
1081 3074 1233 3136 terminos,
1253 3091 1308 3144 pro
1328 3074 1424 3129 omni-

367 3160 422 3214 bus
441 3159 579 3222 servitiis,
600 3160 699 3222 sectis,
720 3165 750 3214 et
774 3159 941 3224 demsudis;
967 3157 1107 3213 videlicet
1133 3159 1171 3213 ed
1197 3159 1310 3214 festum
1335 3159 1425 3214 Beeti

366 3244 520 3299 Michaelis
552 3263 602 3299 sex
632 3244 777 3307 dcusrios,
812 3250 841 3298 et
872 3244 908 3298 ad
939 3245 1048 3298 festum
1080 3243 1181 3298 Sancti
1210 3243 1340 3298 Andreae
1370 3261 1425 3300 sex

365 3327 509 3391 donanim,
538 3336 568 3383 et
595 3328 632 3382 ud
655 3327 917 3382 Annuucistioncm
939 3329 1039 3382 Bestae
1059 3327 1162 3381 Meriae
1190 3344 1241 3382 sex
1271 3327 1422 3392 densi-ios,

365 3420 396 3466 at
425 3411 463 3465 sd
493 3412 600 3466 festum
626 3410 797 3466 Nativitetis
823 3411 965 3483 Baptistae
997 3429 1048 3465 sex
1074 3409 1219 3465 denarios.
1258 3411 1326 3482 Ego
1350 3428 1424 3467 vero

364 3495 531 3550 Willelmus
550 3495 586 3549 de
605 3495 690 3549 Boun
707 3495 877 3565 predictum
896 3502 1006 3550 terreni
1023 3501 1124 3559 telem,
1144 3513 1213 3550 cum
1231 3496 1423 3567 pertinentiis

363 3580 435 3644 suis,
467 3580 606 3650 predicto
637 3578 771 3634 Gelsrido
801 3586 832 3634 et
859 3580 1026 3636 heredibus
1057 3580 1129 3643 suis,
1162 3580 1225 3636 sive
1256 3581 1423 3650 assignetis

363 3665 434 3727 suis,
466 3664 606 3734 quamdiu
635 3663 745 3726 vixero,
777 3668 878 3718 contre
907 3681 1007 3719 omnes
1037 3663 1189 3720 homines-²
1220 3671 1251 3719 et
1280 3664 1423 3720 foemiues

363 3747 566 3804 worantizsbo.

398 3833 433 3887 Iu
452 3832 537 3902 cujus
555 3831 599 3887 rei
617 3830 827 3897 testimonium,
847 3836 903 3887 etc.

698 4123 942 4191 DCCCLVIII.
969 4125 1074 4190 Ovem.

396 4285 515 4341 Scient³
534 4289 692 4356 presentes
714 4290 744 4338 et
769 4283 871 4348 surturi,
891 4282 970 4354 quod
987 4301 1043 4352 ego
1062 4281 1174 4338 Felicis
1198 4282 1235 4338 de
1255 4282 1364 4350 Overe,
1385 4286 1420 4343 in

260 4403 265 4412 ·
358 4370 432 4440 ligio
456 4375 599 4440 potestate
626 4386 701 4431 mea,
721 4367 788 4422 dedi
816 4374 847 4421 ot
872 4369 1012 4432 concessi,
1041 4373 1071 4422 et
1100 4367 1155 4421 hec
1177 4385 1243 4423 mes
1269 4380 1420 4441 prseseute

393 4610 452 4675 ἐι]
472 4609 603 4659 interlined
614 4609 640 4656 in
653 4608 708 4656 MS.
941 4608 992 4655 Ἀ
1021 4606 1163 4670 repetition,
1182 4609 1244 4658 vich
1269 4610 1420 4675 veristicus

388 4689 532 4752 τΙιωηιίιεεπ]
552 4688 613 4736 Purt
633 4688 663 4735 of
678 4687 729 4735 this
750 4689 818 4734 word
836 4685 856 4733 is
907 4687 937 4734 of
942 4687 987 4736 Nc.
998 4686 1209 4736 ccclxxxvn.
1222 4690 1302 4750 (unte,
1309 4706 1334 4755 p.
1347 4697 1418 4757 les).

356 4767 454 4818 written
467 4782 532 4831 upon
545 4782 576 4815 nn
589 4780 694 4815 erasure.
