3218 5640
363 791 426 858 172
651 803 900 854 cnemmaruu
922 803 1132 853 uounsrasn

362 976 440 1031 tibus
460 978 633 1042 convocatis,
654 976 780 1033 audiatis
804 996 932 1042 eausam,
953 983 983 1032 ct
1000 976 1196 1047 appellatione
1214 979 1336 1036 remota,
1357 973 1415 1025 line

362 1059 460 1114 debito
486 1062 659 1125 terminetis,
689 1062 828 1117 facientes
857 1062 935 1133 quod
961 1060 1151 1115 decreveritis
1177 1077 1229 1130 per
1257 1074 1416 1112 censuram

362 1145 590 1201 ecclesiasticam
616 1147 739 1201 firmiter
770 1147 929 1201 observari.
967 1145 1070 1199 Testes
1097 1150 1195 1198 autem
1224 1141 1275 1213 qui
1304 1139 1418 1195 luerint

361 1228 510 1293 nominati,
531 1230 557 1284 si
576 1248 607 1285 se
626 1230 732 1302 gratia,
753 1230 829 1295 odio,
850 1230 897 1284 vel
915 1228 1021 1284 timore
1040 1226 1247 1291 subtraxerint,
1269 1242 1324 1295 per
1348 1242 1418 1278 ceu-

361 1332 461 1369 suram
486 1314 607 1369 eandem
625 1315 737 1386 cogatis
756 1315 872 1370 veritati
900 1311 1100 1369 testimonium
1127 1310 1291 1383 perhibere.
1330 1306 1418 1376 Quod

361 1398 387 1452 si
405 1415 463 1453 non
480 1415 579 1454 omnes
597 1399 656 1454 hiis
675 1399 851 1469 exequendis
863 1396 1018 1470 potueritis
1030 1397 1181 1460 interesse,
1202 1394 1260 1448 duo
1278 1397 1417 1448 vestrum

360 1501 395 1537 ea
413 1482 602 1538 nihilominus
620 1490 809 1554 exequantur.
970 1542 971 1545 Ἴ

396 1567 506 1622 Datum
515 1567 651 1623 Laterani
671 1573 775 1638 quarto
793 1567 860 1622 idus
878 1567 1001 1638 Aprilis,
1021 1564 1207 1637 pontificatus
1226 1561 1320 1618 nostri
1338 1578 1417 1616 anno

362 1651 496 1722 septimo.

393 1735 493 1806 Hujus
512 1734 605 1807 igitur
623 1735 796 1792 auctoritate
814 1735 953 1800 mandati,
973 1734 1116 1806 priorissa
1133 1739 1163 1789 et
1180 1731 1360 1788 monialibus
1379 1727 1417 1784 de

359 1818 512 1874 Ancrardc
530 1818 567 1873 ad
586 1819 754 1875 instantiam
782 1820 855 1875 dicti
872 1820 919 1876 W.
940 1820 1063 1875 rectoris
1091 1818 1224 1874 ecclesia
1243 1818 1279 1871 de
1299 1816 1417 1886 Lange·

359 1903 417 1957 leia
434 1903 568 1974 legitime
596 1904 702 1968 citatis,
730 1909 764 1959 ut
787 1922 885 1958 coram
911 1904 995 1959 nobis
1021 1908 1232 1974 comparerent,
1252 1900 1417 1956 intentione

358 1985 430 2041 dieti
442 1987 489 2041 W.
503 1986 624 2042 fundata
642 1988 853 2043 contradictus
868 1988 1008 2043 moniales
1027 2005 1116 2058 super
1134 1986 1269 2041 omnibus
1289 1983 1417 2039 decimis

359 2069 395 2124 dc
422 2077 535 2126 asserto
560 2071 596 2126 de
624 2071 813 2138 Prestcwike,
833 2077 863 2126 et
888 2072 1022 2126 omnibus
1048 2070 1216 2126 hominibus
1243 2067 1417 2124 tenentibus

359 2152 395 2208 de
421 2155 523 2209 eodem
549 2161 670 2219 asserto,
701 2174 765 2226 quaa
791 2155 906 2210 dicebat
929 2155 998 2226 jure
1025 2154 1186 2226 parochiali
1214 2159 1349 2223 spectare
1379 2149 1417 2206 ad

359 2237 513 2293 ecclesiam
539 2257 622 2294 suam
652 2239 688 2294 de
713 2239 880 2310 Langeleia.
919 2239 1048 2294 Tandem
1074 2240 1149 2294 eitra
1174 2237 1239 2292 litis
1266 2242 1416 2292 contestu·

358 2321 467 2377 tionem
492 2322 530 2378 lis
556 2324 588 2377 in
613 2322 691 2378 hunc
716 2324 834 2378 modum
861 2324 1037 2394 conquievit,
1056 2322 1196 2378 videlicet
1222 2321 1302 2391 quod
1321 2338 1417 2392 saepe·

358 2405 455 2461 dictus
485 2407 532 2461 W.
562 2407 677 2461 nomine
708 2407 840 2462 ecclesie
877 2425 937 2462 sua
973 2406 1009 2461 de
1047 2406 1207 2477 Langeleia
1237 2405 1274 2460 de
1305 2410 1417 2460 caetero

359 2491 502 2560 percipiet
519 2508 619 2545 omnes
638 2490 766 2545 decimas
784 2491 921 2555 minores,
933 2497 964 2546 et
976 2490 1172 2555 obventiones,
1193 2494 1224 2544 et
1240 2489 1417 2560 personales

359 2575 496 2639 decimas,
517 2575 721 2645 provenientes
747 2575 782 2629 de
810 2576 898 2629 terris
924 2581 954 2630 et
979 2574 1147 2630 homiuibus
1167 2573 1263 2628 dictis.
1301 2572 1417 2628 Omnes

357 2658 489 2714 homines
508 2660 597 2714 etiam
616 2659 697 2722 dicti,
717 2665 776 2714 tam
795 2659 855 2714 vivi
875 2676 963 2730 quam
980 2659 1098 2722 mortui,
1122 2657 1201 2713 omni
1226 2657 1342 2711 familia
1361 2676 1418 2713 sua

357 2743 520 2814 percipient
549 2743 581 2796 in
610 2743 734 2798 ecclesia
761 2742 796 2797 de
822 2742 982 2814 Laugeleia
1011 2743 1109 2798 omnia
1139 2748 1323 2797 sacramenta
1354 2747 1417 2796 tam

358 2827 522 2881 necessaria
547 2845 635 2897 quam
661 2827 834 2882 voluntaria.
873 2826 966 2881 Dictae
994 2833 1092 2882 autem
1121 2827 1264 2882 moniales
1296 2826 1418 2897 integre

358 2909 521 2979 percipient
539 2909 667 2965 decimas
693 2911 850 2982 garbarum
876 2910 912 2964 de
938 2909 1018 2965 dicte
1045 2917 1167 2975 essarto,
1188 2909 1329 2966 solvendo
1357 2909 1418 2966 sin·

359 2992 438 3062 gulis
466 2993 548 3048 aunis
576 2993 654 3049 dicto
672 2996 719 3049 W.
739 2995 855 3050 nomine
882 2994 1014 3049 ecclesius
1041 2994 1077 3049 de
1103 2994 1273 3066 Langeleia,
1306 3013 1417 3050 novem

359 3076 468 3131 solidos
493 3076 530 3132 ad
556 3076 629 3133 duos
647 3078 797 3141 terminos,
819 3077 932 3133 scilicet
957 3077 994 3133 ed
1019 3078 1286 3134 Annunciationem
1313 3079 1418 3135 Bestia

357 3159 461 3215 Mariae
488 3167 612 3231 quatuor
638 3161 746 3217 solidos
774 3168 804 3216 et
829 3179 879 3216 aex
904 3161 1048 3228 denarios,
1069 3168 1099 3217 et
1125 3162 1163 3217 ad
1190 3163 1301 3218 festum
1327 3164 1418 3219 Beati

358 3244 441 3299 Petri
459 3245 538 3315 quod
555 3245 663 3300 dieitur
678 3247 715 3300 sd
726 3246 862 3310 Vincula,
877 3252 1001 3316 quatuor
1020 3244 1128 3300 solidos
1148 3251 1179 3301 et
1196 3264 1247 3301 sex
1266 3245 1418 3304 denarios.

359 3327 392 3384 Si
410 3335 508 3383 autem
526 3330 655 3400 praesatae
681 3328 821 3384 moniales
847 3328 1002 3400 praedictos
1020 3347 1125 3385 novem
1150 3329 1260 3385 solidos
1279 3333 1418 3402 praefatis

358 3412 491 3466 terminis
517 3430 575 3467 non
600 3414 750 3478 solverint,
771 3413 944 3483 sepedictus
963 3413 1009 3468 W.
1031 3414 1093 3467 sine
1118 3413 1352 3471 contradictione
1371 3416 1418 3472 in-

358 3502 441 3566 tegre
459 3496 604 3568 percipiet
621 3497 748 3551 decimas
774 3496 932 3566 garbarum
950 3496 986 3550 de
1005 3495 1084 3551 dicto
1111 3505 1236 3563 asserto,
1256 3517 1417 3573 quousque

357 3579 444 3635 dictas
469 3581 611 3636 moniales
638 3580 674 3634 de
702 3582 823 3651 prelata
847 3581 971 3649 pecunia
1000 3579 1096 3634 eidem
1128 3582 1339 3637 satisfecerint.
1381 3583 1416 3638 Si

357 3671 456 3720 autem
474 3664 511 3719 de
529 3671 635 3720 caetero
654 3665 804 3736 contingat
821 3669 966 3719 assartum
983 3663 1046 3735 jam
1065 3664 1177 3720 dictum
1196 3665 1346 3736 ampliari,
1367 3667 1418 3722 vel

357 3749 429 3803 alibi
446 3766 555 3804 novum
582 3749 703 3812 oriatur,
723 3747 848 3803 ecclesia
874 3747 910 3801 de
936 3746 1096 3817 Langeleia
1122 3748 1239 3820 integre
1267 3751 1419 3822 percipiet

358 3850 458 3886 ornnes
476 3831 603 3887 decimas
621 3829 780 3900 portionis¹
799 3849 886 3900 super
905 3832 1099 3886 excrescentis
1118 3837 1149 3886 et
1164 3833 1328 3903 cujuslibet
1345 3836 1418 3890 novi

358 3915 472 3970 asserti.
511 3915 632 3986 Capella
649 3921 747 3969 autem
760 3915 795 3968 de
807 3913 971 3968 Alreburne
990 3933 1057 3969 cum
1076 3916 1205 3987 antiquis
1223 3919 1419 3989 pertinentiis

358 4005 388 4054 et
406 3998 534 4068 antiquis
560 3998 745 4052 libertatibus
769 3997 931 4052 remanebit
955 3998 987 4052 in
1014 4003 1096 4054 statu
1121 3999 1152 4053 in
1180 4018 1239 4070 quo
1257 4002 1316 4056 fuit
1344 4009 1418 4059 ante

358 4081 467 4136 dictam
485 4082 714 4145 assertationem,
735 4082 777 4135 ita
793 4088 892 4136 tamen
911 4082 988 4152 quod
1006 4083 1174 4154 capellanus
1194 4085 1246 4154 qui
1264 4103 1319 4156 pre
1338 4093 1418 4142 tem·

358 4183 428 4235 pore
447 4165 605 4221 celebrabit
623 4164 654 4218 in
671 4164 783 4235 capella
800 4164 836 4218 de
854 4164 1018 4220 Alreburue
1036 4166 1152 4222 nullum
1170 4169 1206 4224 de
1225 4171 1420 4240 parochianis

358 4248 394 4302 de
413 4248 578 4319 Langeleia,
598 4266 692 4319 neque
710 4247 746 4302 de
764 4248 933 4313 Prestewic,
953 4250 1089 4306 admittet
1104 4252 1142 4306 ad
1160 4260 1349 4310 sacramenta
1367 4257 1421 4312 vel

358 4332 588 4396 sacramentalia,
609 4333 639 4385 in
657 4331 794 4386 damnum
813 4338 842 4387 et
859 4332 1064 4402 prejudicium
1088 4336 1221 4391 ecelesiae
1240 4337 1278 4392 de
1297 4338 1421 4412 Lange·

357 4413 423 4468 leia.
462 4415 628 4470 Servientes
656 4421 754 4470 autem
780 4414 950 4470 monialium
978 4417 1030 4487 qui
1055 4437 1109 4489 pro
1137 4427 1270 4492 ternpore
1299 4423 1421 4481 suerint

357 4497 435 4566 apud
452 4496 616 4553 Alreburne
643 4498 781 4553 accedent
798 4499 893 4554 tribus
920 4499 1004 4555 festis
1032 4503 1210 4569 solennibus,
1232 4505 1350 4561 scilicet
1377 4509 1420 4565 ad

1101 4658 1393 4671 w--a--m-—V—,w

689 4744 695 4775 ¹
713 4744 843 4810 putretis]
862 4745 1061 4809 portiunculis.
