3218 5640
514 799 541 849 a
564 799 665 848 rann
688 799 942 849 omucasrmm
1188 788 1252 852 ‘249

202 982 284 1026 cana
301 989 356 1026 aua
372 972 563 1026 confirmavit.
601 971 673 1041 Quoe
692 972 811 1043 quidem
826 973 907 1044 jacet
924 975 1000 1029 inter
1018 980 1128 1029 terram
1145 975 1254 1030 Nicho·

202 1055 243 1110 lai
261 1056 290 1111 le
309 1056 431 1111 Seculer
448 1075 483 1110 ex
508 1066 591 1128 parte
614 1075 673 1110 nna
699 1065 729 1112 et
756 1064 865 1111 terram
889 1058 1020 1131 Philippi
1045 1058 1082 1114 de
1111 1059 1253 1114 Skenelec

202 1157 240 1193 ex
256 1140 366 1205 altera;
392 1140 555 1195 habendam
582 1148 613 1195 et
637 1141 791 1196 tenendam
816 1142 854 1196 de
879 1143 962 1197 nobis
988 1154 1018 1198 et
1035 1145 1253 1198 suecessoribus

203 1225 321 1288 uetanis,
341 1225 398 1279 sibi
416 1234 447 1279 et
464 1224 631 1279 heredibus
658 1225 720 1279 suis
746 1226 776 1279 in
803 1236 987 1298 perpetuum,
1013 1228 1085 1282 adeo
1103 1228 1204 1291 libere,
1225 1237 1255 1282 et

204 1311 313 1380 quiae,
343 1320 374 1364 et
400 1311 529 1381 pacifice,
558 1311 636 1365 sicut
659 1329 713 1365 nos
743 1311 865 1366 eandem
893 1321 1002 1367 terram
1029 1313 1176 1367 tenuimus
1206 1312 1254 1367 rel

205 1404 304 1448 tenere
321 1412 483 1464 possemus.

238 1477 396 1534 Reddendo
414 1479 482 1534 inde
500 1480 651 1535 annuatim
669 1480 753 1534 nobis
772 1490 803 1535 et
820 1481 1039 1536 successoribus
1057 1483 1176 1545 nostris,
1191 1482 1254 1550 ipse

202 1576 233 1616 et
250 1563 382 1618 heredes
400 1565 457 1627 sui,
476 1563 580 1618 decem
597 1563 707 1618 solidos
734 1565 850 1634 argenti
877 1564 914 1618 ad
941 1564 1014 1619 duos
1041 1566 1191 1629 terminos,
1211 1566 1256 1619 ri·

201 1645 310 1701 delicet
331 1647 520 1703 medietutem
545 1647 584 1701 ad
608 1648 717 1702 festum
736 1647 836 1702 Sancti
854 1647 1018 1712 Michaelis,
1039 1658 1069 1702 et
1087 1649 1175 1702 aliam
1193 1666 1254 1702 me·

201 1729 340 1785 dietatem
375 1730 414 1786 ad
447 1732 714 1786 Annnnciationem
750 1730 850 1786 Beatae
880 1731 994 1795 llariae,
1025 1749 1079 1802 pro
1116 1733 1250 1787 omnibns

201 1815 365 1869 actionibus
383 1828 414 1870 et
431 1814 584 1870 demendis
602 1815 640 1869 ad
664 1833 717 1869 nos
744 1816 856 1870 ratione
882 1816 968 1870 dictae
995 1822 1082 1870 terrae
1108 1818 1254 1888 pertinen·

202 1899 291 1953 tibus.
335 1900 375 1954 Et
409 1898 488 1954 idem
515 1900 660 1970 magister
686 1899 835 1953 Henricus
860 1908 891 1954 et
914 1900 1046 1954 heredes
1073 1902 1119 1955 sui
1149 1919 1254 1954 versus

200 1984 341 2054 capitales
359 1983 492 2038 dominos
517 1984 599 2038 illius
626 1983 704 2038 feodi
729 1993 760 2038 et
786 1983 862 2038 alius
893 2002 1081 2055 quoscunque
1111 1985 1147 2039 de
1172 1984 1253 2039 lond·

203 2067 321 2136 gabulo,
352 2066 621 2130 consuetudinibus,
648 2074 679 2122 et
705 2068 772 2121 eliis
797 2067 886 2122 rebus
912 2086 978 2138 quae
1005 2068 1042 2122 de
1068 2068 1147 2123 dicta
1176 2081 1255 2123 terra

203 2153 282 2222 exigi
311 2152 434 2222 possint,
461 2158 492 2207 et
521 2152 655 2215 debeant,
682 2170 734 2205 uos
759 2152 959 2222 aquietabnnt.
1009 2152 1155 2207 Praedicta
1184 2171 1255 2208 vero

203 2250 307 2305 terra„
322 2254 376 2307 per
404 2237 502 2291 risum
531 2236 673 2306 legalium
703 2237 834 2291 virorum
863 2246 1040 2303 mensurata,
1069 2238 1197 2292 continet
1224 2239 1255 2291 in

202 2319 357 2375 latitudine
383 2321 414 2374 in
438 2328 522 2391 parte
548 2320 689 2374 anteriori
716 2320 878 2375 octodecim
902 2323 1004 2392 virgas
1033 2320 1143 2375 domini
1172 2323 1254 2392 regis

203 2404 332 2459 ulnarias
350 2422 417 2458 eum
435 2402 541 2475 pollice
559 2404 734 2474 interposito
752 2416 781 2458 et
800 2416 925 2474 quatuor
948 2404 1086 2476 pollices,
1112 2405 1142 2458 in
1160 2404 1254 2475 longi·

203 2487 303 2542 tudine
327 2506 398 2542 vero
424 2506 460 2543 ex
484 2498 567 2559 purte
592 2505 652 2541 uns
676 2487 877 2541 novemdecim
903 2489 1004 2559 virgas
1030 2488 1140 2542 domini
1173 2490 1253 2558 regis

203 2572 332 2625 ulnarius
350 2590 418 2626 cum
435 2570 541 2643 pollice
560 2571 749 2641 interposito;
769 2589 804 2624 ex
822 2582 904 2642 porte
928 2589 998 2626 tero
1016 2572 1108 2626 altera
1126 2575 1353 2627 eontinetttoo.

204 2657 235 2710 in
259 2655 443 2727 longitudine
468 2654 627 2709 tresdecim
652 2655 753 2726 virgas
784 2656 894 2710 domini
924 2657 1004 2727 regis
1034 2657 1162 2711 ulnnrits
1186 2676 1253 2711 enm

203 2741 309 2811 pollice
335 2740 516 2810 interposito.
561 2737 683 2807 Quando
712 2757 783 2793 vero
810 2739 907 2795 dictus
935 2741 1077 2811 magister
1104 2741 1252 2796 Henricus

203 2825 312 2879 dietam
330 2832 440 2878 terram
457 2842 475 2877 a
492 2822 574 2877 nobis
593 2824 715 2892 recepit,
736 2823 892 2877 aedificium
911 2826 1126 2896 superpositum
1150 2843 1252 2897 appre-

202 2908 309 2962 tiatum
337 2907 395 2961 tuit
420 2906 458 2960 ed
484 2906 615 2960 valorem
640 2920 759 2960 centum
785 2907 954 2962 solidorum.
993 2909 1027 2963 Si
1053 2926 1133 2973 vero,
1153 2909 1252 2980 aliquo

202 3010 274 3046 casu
299 2998 477 3062 emergente,
506 2990 603 3045 dictus
630 2986 773 3061 magisler
798 2991 947 3046 Henricus
974 2992 1022 3046 rel
1049 2993 1181 3047 haeredes
1205 2995 1252 3048 sui

203 3074 312 3130 dictam
329 3081 438 3129 terram
455 3074 539 3128 nobis
563 3073 749 3143 reliquerint,
769 3075 865 3129 simile
884 3075 1042 3129 aedificium
1059 3076 1106 3129 vel
1125 3078 1252 3147 pretium

203 3160 286 3214 nobis
303 3159 469 3213 restituent.
507 3156 592 3211 Idem
616 3174 687 3211 vero
713 3158 856 3228 magister
883 3158 1030 3214 Henricus
1052 3161 1252 3230 juramentum

202 3243 286 3297 nobis
305 3242 452 3314 praestitit,
472 3240 550 3311 quod
576 3239 671 3296 fidelis
696 3242 754 3294 erit
778 3241 910 3296 ecelesiae
936 3250 1052 3306 nosuae,
1072 3254 1102 3298 et
1126 3245 1252 3298 maxime

203 3327 240 3382 de
256 3325 404 3382 reddendo
421 3324 538 3379 redditu
555 3334 655 3379 nostro
678 3324 809 3395 plenarie
827 3327 945 3381 statutis
963 3327 1106 3390 terminis,
1126 3340 1155 3381 et
1174 3329 1252 3397 quod

203 3429 256 3466 nec
282 3422 376 3464 artem
400 3426 455 3464 nec
481 3408 633 3479 ingenium
659 3409 802 3478 exquiret,
833 3409 910 3463 unde
936 3409 1039 3463 domus
1069 3422 1169 3465 nostra
1198 3428 1251 3482 per

203 3504 337 3550 tenuram
362 3511 446 3547 suum
472 3491 611 3546 damnum
637 3492 777 3554 incurrat,
797 3500 827 3546 et
850 3493 928 3562 qnod
954 3493 1124 3564 predictam
1142 3506 1251 3548 terram

202 3595 298 3648 neque
315 3575 430 3640 vendet,
451 3593 546 3646 neque
563 3576 732 3639 escambiet,
752 3593 847 3646 neque
873 3576 904 3629 in
928 3575 1128 3631 vadimonium
1151 3591 1248 3648 ponet,

203 3680 298 3734 neque
316 3660 405 3715 alicui
424 3661 455 3714 in
472 3658 590 3714 feodum
608 3667 639 3713 et
656 3659 857 3714 hereditatem
869 3659 975 3725 tradet,
995 3679 1048 3716 nec
1065 3661 1103 3715 ed
1121 3662 1249 3732 aliquem

203 3746 299 3801 locum
317 3744 469 3815 religionis
488 3744 653 3807 transferet,
674 3745 737 3799 sine
764 3762 886 3798 assensn
911 3750 942 3798 et
965 3745 1114 3799 voluntate
1137 3754 1247 3800 nostra.

202 3829 333 3884 Eandem
362 3828 550 3882 securitatem
576 3826 660 3881 nobis
689 3827 796 3882 facient
819 3827 951 3882 haeredes
974 3828 1021 3882 sui
1046 3847 1113 3882 cnm
1137 3829 1249 3899 singuli

203 3915 260 3969 sibi
279 3912 445 3969 suecedent.

238 3999 275 4053 In
292 3998 378 4069 cnjus
394 3998 438 4051 rei
456 3997 656 4053 testimoninm
674 4014 803 4067 presens
822 3996 963 4068 scriptum
981 3998 1013 4051 in
1030 3997 1149 4052 modum
1167 4016 1249 4069 cyro-

202 4082 308 4155 graphi
334 4082 499 4137 confeetum
524 4094 569 4136 est
595 4081 672 4135 inter
697 4099 761 4145 nos,
781 4081 865 4151 cujus
890 4080 995 4136 unam¹
1020 4090 1144 4153 partem,
1163 4083 1249 4153 signo

200 4176 301 4223 nostro
318 4167 474 4238 signatam,
494 4166 571 4220 dicto
597 4165 740 4236 magistro
765 4164 895 4220 Henrico
921 4164 1106 4229 tradidimus,
1126 4166 1248 4220 alteram

200 4271 271 4307 vero
295 4262 417 4324 partem,
443 4251 529 4322 signo
553 4251 624 4305 dicti
649 4250 786 4320 magistri
810 4249 933 4304 Heuriei
957 4249 1132 4315 roboratam,
1158 4269 1248 4321 penes

201 4355 254 4392 nos
271 4337 456 4391 retinuimus.

203 4509 240 4516 -—
253 4509 322 4515 ——.
333 4507 896 4514 -.——-.-———-—..——-.—-.--..
910 4509 969 4513 ,-.-
1081 4509 1245 4516 ———.

583 4620 589 4649 ¹
607 4619 693 4684 nour]
712 4634 798 4679 unum,
810 4618 866 4668 MS.
