3218 5640
144 778 187 840 42
432 792 681 845 cnarommuu
703 794 911 846 tresseraan

144 964 373 1022 misericorditer
391 968 476 1023 factae
494 975 572 1034 sunt,
592 974 670 1026 retas
695 969 836 1026 habemus
854 973 884 1025 et
901 973 1010 1041 maus,
1029 971 1061 1023 et
1077 967 1200 1022 easdem

145 1049 302 1122 episcopali
320 1052 492 1108 auctoritate
520 1055 575 1110 sub
602 1055 696 1127 sigilli
722 1054 814 1111 nostri
840 1055 1020 1126 appositione
1044 1053 1199 1109 confirma·

144 1152 220 1200 mus,
253 1137 342 1193 salvis
374 1139 537 1195 rectoribus
568 1141 758 1196 ecelesiarum
789 1141 819 1195 in
850 1138 1025 1211 supradietis
1055 1136 1199 1193 maneriis

145 1218 269 1276 sitarum
286 1221 466 1294 portionibus
485 1223 596 1280 eisdem
614 1225 781 1298 assignatis.

180 1303 289 1360 Datum
308 1306 499 1364 Glouccetriae
523 1309 555 1363 in
581 1310 656 1366 festo
684 1309 783 1365 Sancti
810 1307 945 1376 Andreae,
974 1325 1049 1365 anno
1074 1305 1198 1364 Domini

146 1388 302 1447 millesimo
320 1392 519 1450 ducentesimo
536 1393 650 1450 decimo
669 1395 779 1465 quinto.

388 1664 730 1735 CCCCLXXXVIII.
753 1666 802 1733 Dc
824 1662 955 1732 eodeni}

181 1813 266 1872 Anno
284 1817 321 1872 ab
339 1816 542 1874 Incarnatione
561 1818 680 1874 Domini
698 1817 792 1874 nostri
810 1816 884 1872 Jesu
903 1814 1015 1872 Christi
1035 1813 1197 1872 millesimo

145 1901 304 1957 centesimo
333 1905 511 1976 octogesimo
535 1905 645 1975 quinto,
674 1903 752 1958 facta
776 1909 821 1958 est
847 1901 915 1957 talis
940 1899 1094 1956 eoncordia
1118 1899 1198 1956 inter

145 1983 287 2040 Thomam
316 1987 451 2043 abbatem
481 1995 511 2044 et
540 1993 715 2043 conventum
745 1986 915 2042 monasterii
945 1984 1139 2040 Gloucestriae
1166 1991 1199 2040 et

145 2067 322 2126 Nicholaum
340 2072 434 2127 filium
452 2072 583 2136 Roberti‚
605 2089 693 2142 super
705 2071 818 2142 capella
835 2071 872 2125 de
890 2068 1101 2134 Nimdeslelde,
1117 2068 1198 2139 quod

146 2152 225 2209 idem
243 2155 405 2211 Nieholaus
436 2163 466 2212 et
496 2174 679 2212 successores
710 2155 756 2211 sui
785 2155 935 2210 habebunt
965 2153 1007 2208 ibi
1034 2153 1198 2208 cantariam

147 2255 231 2293 suam
257 2244 288 2294 et
314 2241 495 2312 capellanum
522 2239 708 2306 residentem,
728 2241 770 2295 ita
796 2239 873 2310 quod
899 2256 1024 2312 persona
1048 2237 1085 2292 de
1103 2236 1198 2292 Frou·

147 2330 241 2378 oestro
260 2324 399 2381 assensu²
417 2325 529 2381 abbatis
549 2332 579 2380 et
604 2331 763 2381 conventus
788 2325 922 2396 praedicti
940 2324 1081 2379 clericum
1105 2340 1198 2392 quen-

146 2405 215 2462 dam
232 2406 327 2463 Adam
347 2410 463 2465 nomine
488 2410 518 2464 in
542 2415 712 2481 perpetuam
736 2410 877 2465 vicariam
900 2408 1049 2481 proedietae
1073 2407 1197 2478 capellae

147 2493 202 2547 sub
232 2511 327 2549 annua
355 2495 493 2567 pensione
511 2494 620 2565 viginti
639 2494 799 2551 solidorum
826 2494 897 2548 dum
915 2492 1023 2548 vixerit
1039 2492 1195 2562 receperit.

146 2576 231 2633 Idem
257 2596 328 2634 vero
357 2581 482 2635 clericus
508 2578 709 2650 juramentum
736 2579 875 2651 praestitit
902 2578 979 2649 quod
1009 2579 1105 2636 fidelis
1139 2581 1199 2636 erit

145 2662 262 2719 matrici
275 2663 406 2719 eeclesiae
424 2663 460 2719 de
478 2663 662 2730 Froueestre,
677 2671 707 2719 et
719 2663 796 2735 quod
808 2663 982 2735 pradictum
997 2681 1118 2720 censum
1130 2684 1198 2738 per-

146 2763 224 2802 sonae
242 2747 373 2818 ejusdem
391 2749 541 2803 annuatim
561 2748 718 2821 persolvet,
743 2745 949 2803 medietatem²
967 2747 1004 2802 ad
1021 2749 1146 2817 Pascha,
1166 2758 1198 2806 et

145 2831 232 2888 aliam
250 2833 436 2890 medietatem
454 2833 492 2889 ad
510 2835 618 2890 festum
637 2833 737 2890 Sancti
754 2833 919 2889 Michaelis.
958 2832 1076 2904 Singuli
1095 2842 1195 2890 sutem

144 2917 288 2988 capellani
306 2920 357 2991 qui
375 2919 439 2976 loco
458 2938 511 2974 suo
530 2919 561 2974 in
579 2919 704 2975 eeclesia
726 2918 936 2974 ministrabunt
957 2918 1085 2974 similem
1102 2919 1196 2974 fideli·

143 3003 213 3058 tatis
231 3005 410 3076 praescriptae
434 3021 565 3075 persona
590 3004 698 3060 sacient
723 3003 896 3060 cautionem.
940 3002 1013 3059 Post
1030 3004 1195 3060 discessum

143 3102 214 3142 vero
227 3089 292 3159 jam
309 3089 380 3144 dicti
404 3088 505 3145 cleriei
528 3106 653 3160 persona
676 3088 712 3142 dc
736 3089 920 3154 Froueestre,
941 3106 1062 3144 assensu
1080 3095 1110 3144 et
1128 3107 1196 3145 eon·

144 3169 212 3228 silio
239 3173 351 3229 abbatis
370 3178 401 3228 et
424 3179 593 3238 conventus,
617 3190 821 3245 quemcunque
845 3172 973 3229 voluerit
998 3173 1143 3229 vicarium
1165 3180 1196 3229 et

143 3255 281 3313 idoneum
299 3259 355 3314 sub
373 3276 468 3313 annua
485 3258 623 3330 pensione
650 3257 849 3314 tantummodo
874 3257 999 3312 duarum
1029 3272 1194 3314 marcarum

143 3340 174 3396 in
198 3343 321 3414 praelata
348 3342 461 3415 capella
486 3343 654 3409 substituet,
677 3349 708 3398 et
724 3344 867 3414 majorem
888 3342 1060 3415 pensionem
1077 3344 1114 3398 ab
1132 3344 1194 3399 ullo

144 3428 293 3500 capellano
312 3429 429 3500 exigere
441 3446 499 3483 non
516 3429 633 3500 poterit.
671 3427 816 3483 Praefatus
834 3444 905 3482 vero
922 3426 1083 3483 Nicholaus
1102 3446 1193 3500 quan·

144 3510 211 3568 dam
234 3513 381 3585 virgatam
407 3518 493 3567 terrm
524 3531 611 3584 quam
642 3512 804 3584 antiquitus
834 3513 947 3584 capella
975 3531 1010 3568 ex
1038 3513 1193 3569 donatione

143 3603 360 3654 autecessorum
378 3615 498 3654 suorum
516 3596 648 3669 possedit
659 3598 754 3653 eidem
771 3597 803 3652 in
815 3599 1003 3653 elemosinam
1021 3604 1193 3670 perpetuam

143 3682 287 3739 restituet.
325 3683 365 3739 Et
384 3688 527 3755 praterea
554 3700 653 3738 omnes
678 3682 806 3738 decimas
830 3689 891 3738 tam
916 3681 952 3737 de
979 3683 1108 3738 dominio
1138 3702 1193 3739 suo

143 3786 232 3840 quam
250 3769 286 3823 de
304 3768 473 3838 villenegio,
493 3765 574 3821 bladi
600 3768 713 3823 seilicet
738 3772 768 3821 et
791 3767 871 3832 fumi,
893 3766 1040 3838 pullorum
1063 3774 1093 3823 et
1115 3769 1193 3823 vitn-

143 3851 247 3920 lornm,
267 3844 471 3925 porcellorum,
492 3870 642 3923 agnorum,
662 3852 745 3917 lanae,
765 3858 796 3906 et
813 3852 876 3917 lini,
897 3870 1057 3918 caseorum,
1077 3858 1109 3908 et
1125 3854 1193 3908 reli·

143 3956 268 4011 quorum
292 3939 431 4001 omnium,
457 3954 493 3990 ex
516 3937 632 4008 integro
654 3937 689 3991 de
715 3936 821 4007 quibus
847 3935 967 3991 decimae
998 3937 1062 3991 dari
1086 3937 1190 4003 solent,

143 4022 253 4096 absquo
282 4023 344 4078 ulla
367 4019 558 4077 diminutione
590 4020 742 4077 concessit.
779 4021 819 4076 Et
842 4020 992 4076 sciendum
1011 4020 1090 4093 quod
1113 4021 1192 4076 idem

142 4106 303 4166 Nioholaus
327 4123 422 4178 neque
451 4105 583 4161 haeredes
615 4106 671 4171 sui,
698 4124 765 4160 oum
796 4105 906 4176 singuli
937 4105 994 4160 sibi
1024 4108 1190 4172 succedent,

144 4191 255 4266 aliquid
271 4191 327 4248 sibi
341 4190 419 4262 juris
438 4190 580 4246 decaetero
598 4190 794 4247 vendicabunt
811 4190 842 4245 in
855 4189 1042 4245 advocatione
1061 4191 1193 4262 ejusdem

144 4276 272 4350 capella),
293 4275 362 4331 seu⁴
379 4276 601 4346 praesentatione
619 4274 806 4331 vicariorum.
846 4274 1049 4331 Celebrabitur
1066 4275 1108 4330 ibi
1124 4276 1193 4348 bap·

180 4507 187 4538 ⁸
206 4503 296 4570 edem]
316 4502 378 4553 This
389 4503 479 4554 should
490 4503 521 4554 be
533 4500 645 4554 hindes—
725 4503 734 4532 ⁴
751 4502 807 4568 seu]
826 4504 944 4567 repented
963 4501 989 4551 in
1002 4502 1068 4560 lla,
1085 4504 1130 4554 but
1149 4505 1191 4556 the

140 4583 215 4657 filiis.
691 4584 832 4632 redundant
843 4583 913 4651 word
928 4583 951 4632 is
961 4584 1066 4634 marked
1077 4585 1138 4634 with
1149 4585 1192 4637 the

179 4667 188 4697 '³
204 4663 318 4728 maesse]
337 4678 442 4720 assessu,
453 4661 509 4713 Ms.
692 4662 748 4726 sign
760 4663 792 4712 of
797 4679 903 4713 erasure.

178 4747 188 4780 ⁸
204 4743 361 4807 medietatem]
381 4742 530 4804 unalitatem,
543 4740 599 4792 MS.
