3218 5640
376 745 442 807 300
661 759 908 810 cantabimus
931 762 1142 811 nosasrsnn

373 953 489 1006 cunque
513 933 647 1005 joreval
674 952 763 989 cansa
780 935 871 991 debiti
889 937 1048 992 eorundem
1067 939 1185 993 devenit
1203 939 1251 993 vel
1269 938 1425 995 devenisse

373 1019 523 1083 debuerat,
543 1037 595 1073 nos
613 1021 660 1073 vel
687 1038 871 1075 successores
896 1028 1020 1086 nostros,
1042 1040 1095 1076 scu
1116 1023 1212 1077 dictos
1241 1024 1428 1078 abbatemet

372 1111 546 1157 conventum
565 1108 713 1157 eteorum
732 1122 925 1167 successores,
944 1105 980 1160 de
999 1106 1077 1161 dicta
1095 1110 1174 1160 terra
1191 1106 1239 1160 vel
1258 1107 1323 1177 ejus
1341 1113 1427 1178 parte

372 1186 563 1257 implacitare,
589 1188 637 1240 vel
663 1187 794 1251 eandem,
819 1188 868 1242 vel
894 1188 959 1258 ejus
986 1197 1109 1260 partem,
1139 1190 1201 1244 sivo
1228 1192 1425 1262 quodcunque

371 1270 503 1324 debitum
520 1287 704 1341 recuperare,
724 1271 860 1325 volumus
879 1278 908 1325 et
926 1273 1123 1338 concedimus,
1144 1274 1222 1343 quod
1241 1274 1315 1329 dicti
1335 1275 1426 1331 abbas

372 1360 401 1408 et
430 1359 599 1416 conventus,
628 1354 676 1407 vel
702 1372 803 1408 eornm
831 1373 1026 1420 successores,
1054 1356 1092 1410 ad
1121 1357 1233 1411 nullam
1264 1357 1358 1413 debiti
1387 1357 1425 1413 de

371 1440 451 1493 dicta
480 1445 560 1493 terra
583 1441 699 1493 nomine
728 1439 877 1495 dictorum
904 1443 998 1498 exacti
1025 1442 1073 1497 vel
1100 1442 1238 1513 exigendi
1269 1450 1426 1499 teneantur

372 1523 545 1577 solutionem
562 1541 616 1577 nec
642 1524 706 1592 ojus
733 1524 940 1580 defensionem.
979 1526 1019 1580 Et
1037 1527 1114 1596 quod
1133 1527 1265 1598 praedicti
1285 1528 1377 1582 abbas
1396 1533 1426 1583 et

371 1614 540 1670 conventus,
567 1607 615 1660 vel
643 1625 744 1661 eorum
774 1626 969 1674 successores,
1001 1608 1109 1664 dictam
1140 1615 1249 1664 terram
1279 1611 1329 1664 vei
1360 1611 1427 1683 ejus

370 1698 485 1761 portem
521 1690 603 1744 n'obis
639 1691 686 1744 vel
723 1692 941 1747 successoribus
977 1694 1086 1748 nostris
1125 1712 1228 1748 versus
1265 1694 1425 1764 predictos

371 1774 560 1827 warantizare
578 1792 636 1828 uon
654 1781 800 1830 tenentur.

406 1858 441 1911 In
467 1858 551 1926 cujus
579 1858 622 1910 rei
652 1858 853 1924 testimouium
883 1860 952 1914 huic
983 1859 1092 1930 scripto
1123 1861 1257 1931 sigillum
1288 1868 1425 1918 nostrum

370 1941 569 2012 apposuimus.

701 2207 886 2273 DCCCCV.
916 2207 1087 2294 Welsoade.

406 2384 505 2439 Sciant
524 2391 682 2456 praesentes
709 2392 738 2439 et
757 2386 860 2450 futuri,
881 2385 959 2454 quod
976 2404 1032 2455 ego
1051 2386 1188 2456 Paganus
1207 2385 1243 2439 de
1263 2385 1421 2451 cadurcis,

368 2486 420 2538 pro
446 2468 540 2523 saluto
559 2471 663 2523 unimae
681 2470 753 2523 Adae
772 2469 825 2523 filii
843 2470 911 2532 mei,
932 2475 961 2523 et
979 2469 1082 2522 animae
1101 2488 1183 2533 meae,
1204 2475 1234 2523 et
1253 2469 1422 2525 Gundredra

367 2553 465 2607 uxoris
495 2572 578 2617 meae,
610 2560 640 2608 et
668 2553 818 2607 haeredum
849 2571 990 2617 meorum,
1023 2552 1100 2616 dedi,
1133 2553 1275 2615 concessi,
1309 2560 1340 2608 ct
1367 2555 1422 2609 hac

367 2645 509 2708 praesente
528 2645 608 2691 carta
625 2655 691 2690 mea
709 2637 886 2700 confirmavi,
901 2637 932 2690 in
949 2654 1054 2708 puram
1073 2643 1103 2691 et
1121 2643 1294 2707 perpetuam
1314 2637 1422 2692 elemo-

367 2722 471 2786 sinam,
491 2721 622 2775 ecclesiae
640 2721 725 2774 Beati
752 2720 834 2774 Petri
854 2719 1053 2783 Gloecestriae,
1074 2725 1104 2773 et
1130 2719 1281 2774 monachis
1297 2720 1421 2775 'ibidem

367 2804 429 2858 Deo
457 2805 661 2868 servientibus,
682 2805 811 2874 quinque
838 2803 947 2857 solidos
973 2803 1061 2857 annui
1089 2803 1223 2857 redditus
1242 2803 1323 2872 apud
1341 2803 1422 2858 Wel-

367 2887 449 2942 sordo
478 2888 604 2957 singulis
636 2888 718 2941 annis
754 2887 956 2958 percipiendos
984 2886 1020 2940 de
1041 2892 1122 2941 terra
1146 2885 1308 2940 molendini
1333 2905 1421 2959 supe-

359 2972 453 3025 rioris
484 2971 531 3025 die
560 2972 801 3026 Annunciationis
831 2971 931 3024 Beatae
966 2970 1070 3024 Mariae
1102 2988 1155 3040 per
1185 2988 1307 3023 manum
1337 2971 1421 3026 illins

367 3055 533 3125 quicunque
568 3054 675 3110 dictam
704 3061 814 3109 terram
844 3053 980 3108 tonuerit.
1031 3053 1070 3106 Et
1098 3054 1124 3106 si
1155 3053 1230 3107 forte
1261 3055 1422 3125 contigerit

247 3143 286 3188 2.
367 3138 444 3210 quod
473 3139 537 3209 ipso
562 3139 613 3209 qui
640 3138 748 3193 dictam
773 3144 882 3193 terram
908 3137 1037 3192 tenuerit
1064 3136 1175 3190 dictum
1203 3137 1356 3196 redditum
1383 3138 1421 3193 ad

365 3223 477 3277 dictum
494 3223 573 3276 diem
597 3241 655 3276 non
676 3223 805 3284 solverit,
826 3238 882 3290 ego
901 3227 931 3275 et
947 3220 1079 3274 haeredes
1098 3221 1157 3273 mei
1176 3226 1313 3274 tenemur
1331 3221 1420 3276 illum

365 3307 542 3377 distringere
561 3307 598 3360 ad
615 3307 727 3360 dictum
744 3304 892 3359 redditum
911 3304 996 3359 dictis
1015 3304 1165 3358 monachis
1184 3305 1417 3373 persolvendum

364 3392 441 3445 infra
465 3397 531 3445 octo
557 3391 619 3444 dies
645 3391 776 3461 proximo
804 3394 970 3457 sequentes,
991 3387 1039 3440 vel
1068 3405 1123 3457 ego
1150 3395 1180 3441 et
1203 3387 1339 3442 haeredes
1358 3389 1417 3443 mei

364 3482 499 3528 tenemur
529 3475 639 3529 dictum
675 3473 823 3527 redditum
859 3470 946 3525 dictis
982 3471 1131 3524 monachis
1168 3471 1204 3524 ad
1240 3472 1418 3541 praedictum

364 3559 522 3612 terminum
541 3558 604 3611 sinc
623 3555 849 3611 contradictione
867 3553 1043 3625 persolvere.

400 3641 439 3694 Et
456 3648 490 3694 ut
515 3640 577 3693 haec
604 3657 670 3692 mea
696 3638 812 3692 donatio
839 3643 869 3692 et
896 3638 1079 3692 confirmatio
1103 3642 1167 3692 rata
1193 3644 1224 3692 et
1242 3638 1417 3695 inconcussa

363 3729 541 3793 permaneat,
555 3740 682 3792 praescns
695 3721 836 3792 scriptum
850 3721 942 3791 sigilli
954 3721 1012 3774 mei
1025 3720 1185 3775 munimine
1197 3721 1346 3787 roboravi,
1361 3729 1417 3780 etc.

688 4003 893 4070 occeani.
923 4001 1091 4088 uersae.

399 4181 500 4236 Sciant
524 4187 682 4251 praeseutcs
708 4185 738 4233 ct
763 4179 864 4242 futuri,
888 4177 966 4247 quod
993 4195 1049 4247 ego
1067 4176 1205 4241 Thomas,
1233 4176 1291 4230 Dei
1319 4180 1416 4249 gratia

362 4266 450 4319 abbas
481 4271 511 4319 ct
540 4271 699 4319 conventus
734 4262 833 4317 Sancti
864 4262 946 4314 Petri
978 4260 1180 4323 Gloucestriae,
1213 4263 1415 4318 concessimus

361 4348 507 4402 Ysabellae
520 4348 588 4402 filias
606 4348 738 4402 Matildis
757 4346 793 4399 dc
812 4344 986 4408 Dnnefelde,
1007 4344 1089 4398 illam
1107 4343 1257 4413 virgatam
1276 4351 1367 4400 terrae
1386 4348 1415 4401 in

360 4431 509 4486 Woliorde
540 4450 627 4502 quam
657 4431 801 4485 Radulfus
831 4429 859 4482 lc
886 4429 1055 4498 Frannceys
1083 4434 1113 4482 et
1137 4427 1311 4498 Margareta
1342 4448 1414 4486 uxor

360 4515 424 4584 ejus
443 4517 478 4569 de
496 4516 579 4570 nobis
598 4521 772 4579 tenuerant;
798 4512 954 4568 tenendam
979 4517 1009 4565 et
1026 4510 1191 4565 babendum
1210 4512 1246 4565 de
1266 4513 1363 4578 nobis,
1384 4515 1413 4570 in

360 4597 444 4651 feodo
474 4604 504 4652 ct
531 4599 712 4663 haereditate,
733 4598 789 4652 eibi
808 4603 838 4651 et
856 4595 1021 4651 haeredibus
1048 4594 1119 4658 suis,
1145 4595 1237 4649 libere
1257 4604 1290 4652 et
1313 4599 1412 4668 quiete

341 4697 426 4734 cum
455 4682 589 4737 omnibus
612 4681 797 4752 pertinentiis
826 4697 948 4746 earnm3
983 4679 1065 4734 salvo
1093 4679 1178 4735 nobis
1208 4697 1268 4735 uno
1289 4680 1355 4737 loco
1382 4682 1412 4736 in
