3218 5640
353 762 417 825 294
650 771 899 822 cABTULARwM
920 770 1130 819 uosssruan

353 967 423 1014 susa,
458 948 561 1011 libere,
594 948 702 1018 quiete,
734 949 817 1012 bene,
850 953 881 1002 et
916 949 947 1002 in
982 965 1063 1018 pace,
1095 946 1133 1001 ad
1161 947 1254 1002 vitam
1288 947 1411 1001 illorum

353 1038 476 1089 tantum.
1151 1089 1155 1096 ,

390 1116 549 1172 Reddendo
567 1116 634 1170 inde
652 1115 802 1170 annuatim
820 1115 904 1169 nobis
923 1120 953 1169 et
971 1115 1189 1170 successoribus
1207 1115 1326 1178 nostris,
1346 1114 1414 1186 ipse

355 1210 386 1257 et
419 1200 546 1255 Matilda
572 1217 644 1253 uxor
671 1199 744 1262 sua,¹
776 1200 802 1253 si
833 1216 901 1253 eum
931 1200 1137 1270 supervixerit,
1168 1217 1257 1254 unam
1281 1216 1411 1253 maroam

356 1286 470 1355 argenti
501 1284 537 1337 ad
568 1291 691 1352 quatuor
719 1283 787 1336 anni
814 1283 964 1344 terminos,
993 1284 1105 1337 scilicet
1131 1283 1168 1338 ad
1193 1284 1301 1337 festum
1325 1281 1412 1336 Beati

303 1423 314 1446 0
356 1367 510 1424 Michaelis
535 1372 596 1421 tres
621 1366 729 1421 solidos
754 1372 784 1420 et
808 1372 932 1435 quatuor
957 1365 1099 1430 denarios,
1129 1367 1166 1420 ad
1192 1368 1301 1421 festum
1325 1365 1413 1420 Beati

355 1451 482 1506 Andreas
500 1457 560 1505 tres
581 1449 689 1505 solidos
711 1446 766 1518 [et]
788 1456 913 1519 quatuor
926 1449 1071 1513 denarios,
1092 1450 1129 1504 ad
1147 1451 1414 1505 Annunciationem

356 1535 455 1590 Beatus
473 1533 576 1588 Mariae
596 1541 656 1589 tres
681 1533 789 1587 solidos
818 1538 848 1587 et
875 1540 1000 1603 quatuor
1024 1533 1168 1597 denarios,
1188 1540 1218 1589 et
1241 1533 1280 1587 ad
1297 1533 1415 1589 Nativi-

357 1624 448 1674 tatem
466 1618 551 1672 Beati
571 1617 590 1671 J
592 1617 712 1671 ohannis
732 1616 873 1688 Baptistae
886 1623 947 1671 tres
960 1616 1068 1671 solidos
1088 1624 1117 1671 et
1129 1624 1253 1687 quatuor
1265 1617 1413 1683 denarios,

357 1720 411 1774 pro
430 1702 507 1756 omni
527 1699 649 1754 servitio
666 1709 697 1754 et
715 1699 849 1767 saeenlari
862 1698 1004 1754 demanda
1016 1699 1053 1754 ad
1071 1719 1123 1755 nes
1142 1700 1209 1754 iude
1227 1701 1414 1771 pertinente;

358 1786 440 1841 salva
466 1783 549 1838 nobis
576 1782 642 1836 iude
669 1789 749 1838 secte
774 1783 865 1837 curias
883 1788 990 1837 nostrae
1019 1782 1055 1837 de
1072 1782 1232 1854 Upledene,
1259 1801 1320 1837 una
1345 1802 1414 1839 cnm

358 1869 424 1924 aliis
454 1869 558 1922 liberis
588 1867 755 1921 hominibus
786 1867 905 1922 nostris.
957 1867 1052 1921 Iidem
1089 1886 1159 1923 vero
1189 1867 1360 1923 Willelmus
1384 1874 1416 1924 et

358 1952 482 2007 Matilda
508 1952 710 2021 jurameutum
740 1950 823 2004 nobis
849 1951 1058 2020 prestiterunt,
1088 1951 1165 2021 quod
1192 1952 1293 2006 fideles
1327 1959 1416 2007 erunt

358 2035 489 2090 eeclesia)
508 2041 624 2097 nostrae,
640 2041 669 2087 et
681 2033 807 2087 maxime
821 2032 857 2087 de
870 2033 1017 2088 reddendo
1035 2034 1154 2089 redditu
1170 2040 1270 2089 nostro
1281 2036 1419 2106 plenarie

359 2119 476 2174 statutis
495 2118 638 2180 terminis,
660 2123 690 2171 et
708 2116 787 2187 quod
805 2134 858 2171 neo
877 2123 971 2172 artem
994 2135 1048 2172 nco
1071 2118 1223 2188 ingenium
1247 2120 1413 2190 exquirent,

358 2203 435 2257 unde
461 2200 564 2255 domus
592 2205 693 2254 nostra
710 2218 763 2269 per
787 2205 922 2255 tenuram
951 2218 1033 2255 suam
1053 2201 1192 2256 damnum
1215 2203 1359 2268 incurrat,
1385 2210 1418 2260 et

359 2285 436 2357 quod
461 2284 630 2356 praedictam
658 2280 794 2353 [terram]
819 2301 914 2355 neque
939 2285 1073 2347 vendent,
1099 2303 1193 2356 neque
1219 2286 1414 2351 excambient,

358 2386 453 2440 neque
473 2368 504 2421 in
522 2366 721 2421 vadimonium
740 2373 858 2437 ponent,
878 2385 932 2422 neo
951 2367 1039 2422 alicui
1059 2369 1089 2422 in
1108 2369 1225 2422 feodum
1243 2373 1274 2423 et
1290 2371 1417 2426 haeredi·

358 2459 448 2507 tatem
466 2450 590 2512 tradent,
606 2449 668 2503 sine
687 2466 810 2503 assensu
828 2455 858 2504 et
870 2450 1018 2505 voluntate
1029 2458 1138 2506 nostra.
1175 2452 1247 2507 Post
1258 2453 1414 2509 decessum

359 2542 456 2590 autem
475 2534 621 2589 dictorum
634 2532 776 2586 Willelmi
789 2538 819 2588 et
830 2531 973 2598 Matildis‚
987 2534 1129 2605 praedicta
1145 2542 1233 2599 tarra,
1248 2554 1317 2591 oum
1335 2539 1416 2592 omni

358 2619 559 2673 melioratione
579 2617 771 2687 superposita,
792 2616 829 2670 ad
847 2635 899 2671 nos
912 2617 1042 2687 plenarie
1060 2625 1234 2674 revertetur.
1280 2620 1341 2675 Pro
1359 2622 1415 2677 hae

359 2709 458 2756 autem
476 2701 661 2754 concessione
681 2705 711 2753 et
729 2699 884 2754 traditione
897 2708 998 2754 nostra
1016 2700 1160 2757 dederunt
1178 2703 1259 2758 nobis
1278 2703 1416 2775 predicti

359 2784 525 2839 Willelmus
539 2790 569 2837 et
580 2783 704 2838 Matilda
720 2800 781 2853 prae
793 2783 928 2838 manibus
941 2790 1058 2839 centum
1071 2787 1178 2841 solidos
1191 2788 1414 2859 sterlingorum.

395 2869 431 2921 In
451 2885 575 2937 quorum
594 2869 724 2920 omnium
743 2867 832 2921 robur
850 2874 880 2922 et
903 2869 1104 2923 testimonium
1124 2889 1250 2941 praesens
1270 2874 1416 2945 scriptum

360 2952 390 3006 in
416 2951 535 3005 modum
562 2951 736 3021 cyrographi
764 2952 928 3006 consectum
956 2959 1001 3007 est
1019 2953 1095 3007 inter
1122 2954 1197 3019 ηοε,2
1214 2956 1300 3026 cujus
1325 2976 1415 3012 unam

360 3040 481 3106 partem,
501 3035 600 3104 sigillo
625 3035 757 3088 ecclesia
783 3040 890 3089 nostras
917 3036 1069 3101 munitam,
1096 3039 1244 3107 praedictis
1263 3039 1416 3097 Willelmo

360 3124 389 3173 et
406 3107 522 3173 Matildi
547 3118 731 3182 tradidimus,
752 3119 874 3172 alteram
892 3137 963 3174 vero
987 3126 1109 3191 partem,
1130 3123 1229 3192 sigillo
1252 3142 1306 3179 suo
1331 3126 1418 3181 robo-

359 3209 463 3269 ratam,
483 3220 572 3275 penes
591 3221 643 3257 nos
662 3203 847 3258 retinuimus.
885 3203 954 3258 Hiis
973 3204 1107 3260 testibus.

661 3408 905 3475 DOCOXCVI.
935 3410 1117 3476 wadone.

193 3541 261 3594 ab.
277 3549 339 3597 1158
396 3545 554 3609 Henrious,
574 3563 625 3599 rex
643 3544 818 3614 Anglorum,
839 3552 869 3600 et
887 3545 944 3600 dux
962 3546 1159 3618 Normanniae,
1186 3553 1216 3603 et
1236 3548 1418 3619 Aquitaniae,

192 3615 284 3661 ‘¹¹⁶0·
361 3634 391 3684 et
426 3648 522 3684 comes
557 3628 747 3699 Andegaviae,
779 3625 948 3698 A[luredoL
976 3631 1111 3701 episcopo
1138 3630 1358 3702 Wygorniensi,
1386 3641 1420 3691 et

193 3693 318 3811 gum·
357 3714 542 3783 justiciariis,
555 3721 586 3768 et
596 3712 828 3777 vicecomitibus,
843 3718 874 3766 et
885 3713 1027 3768 ministris
1047 3715 1108 3769 suis
1122 3714 1157 3769 de
1171 3714 1415 3783 Gloucestresira,

246 3798 252 3812 '
359 3798 492 3853 salutem.
1295 3847 1298 3852 .

398 3881 504 3936 Sciatis
522 3897 569 3934 me
588 3879 766 3934 concessisse
791 3884 821 3933 et
843 3879 1030 3935 confirmasse
1053 3883 1202 3937 monachis
1222 3882 1418 3942 Gloucestriae

361 3981 448 4019 unam
467 3966 614 4034 virgatam
631 3969 717 4017 terra
742 3963 897 4032 sexaginta
915 3970 1040 4033 quatuor
1059 3984 1190 4022 acrarum
1209 3968 1240 4021 in
1252 3967 1416 4036 Waddone,

362 4065 450 4118 quam
480 4047 615 4118 Rogerus
646 4064 763 4118 parvus,
798 4063 919 4101 assensu
949 4048 1059 4118 Rogeri
1090 4052 1204 4106 comitis
1231 4052 1418 4110 Heresordiaa

263 4196 267 4204 ι
362 4131 472 4187 domiui
485 4133 540 4194 sui,
556 4131 666 4184 eisdem
684 4131 834 4185 monachis
855 4130 944 4195 dedit,
959 4139 989 4187 et
1007 4141 1088 4188 carta
1106 4142 1200 4190 suaet
1212 4141 1293 4191 carta
1304 4137 1418 4209 Rogeri

362 4215 475 4272 comitis
503 4214 667 4269 oonlirmari
694 4214 773 4268 fecit.
821 4213 915 4282 Quare
943 4217 1081 4287 praecipio
1108 4225 1141 4272 ut
1164 4218 1255 4273 iidem
1280 4222 1417 4276 monaehi

362 4300 484 4354 eandem
501 4306 611 4354 terram
629 4316 695 4352 cum
714 4315 772 4352 uuo
791 4297 901 4353 villano
919 4298 1012 4353 libere
1032 4305 1061 4354 et
1080 4303 1177 4372 quiete
1190 4302 1221 4356 in
1240 4310 1418 4374 perpetuum

361 4388 478 4437 teneant
495 4391 525 4437 et
542 4383 675 4444 habeant,
696 4388 750 4436 etc.

1232 4506 1412 4515 ———--—

395 4568 402 4596 ι
422 4567 473 4628 ipae
488 4573 511 4613 et
526 4565 637 4615 Marilda
654 4581 715 4614 uxor
732 4565 792 4629 sua]
812 4564 861 4629 ipsi
912 4563 968 4614 MS.
981 4566 1066 4617 before
1077 4569 1158 4633 cajus,
1170 4571 1214 4619 but
1225 4571 1286 4622 vith
1303 4572 1348 4624 the
1359 4573 1418 4640 sign

361 4652 387 4696 et
397 4642 497 4694 Matildi
509 4645 583 4692 uxori
595 4661 655 4705 sue,
667 4644 722 4694 MS.
912 4632 941 4681 of
949 4647 1057 4684 erasure.

394 4726 404 4754 ¹
420 4722 552 4787 coasectum
564 4729 600 4770 est
617 4724 639 4771 is
656 4723 768 4773 inserted
779 4720 806 4771 iu
818 4721 860 4772 the
