3218 5640
533 802 558 848 s,
582 800 680 847 curru
704 800 956 848 oaoccfsrmm
1224 788 1269 854 37

219 971 425 1043 praedictorum
439 972 551 1027 abbatis
569 986 600 1028 et
616 980 774 1029 conventus
788 973 979 1029 Gloucestriae
994 972 1126 1044 sigillum
1138 972 1268 1027 ecclesias

218 1070 325 1113 nostrae
344 1070 391 1113 est
408 1074 577 1128 appensum,
597 1068 653 1114 etc.

488 1323 792 1391 CCCCLXXXIII.
818 1324 865 1389 Dc
887 1325 1007 1391 eodem.

255 1476 358 1533 Sciant
383 1492 542 1549 pra-sentes
568 1490 599 1533 et
626 1480 728 1543 futuri,
749 1479 827 1550 (ruod
846 1497 902 1549 ego
920 1479 1078 1543 Henricus,
1099 1479 1153 1533 Dci
1173 1481 1269 1549 gratia
1282 1489 1369 1541 osne

219 1561 309 1616 abbas
339 1576 370 1615 et
399 1576 558 1618 conventus
590 1565 689 1619 Sancti
721 1564 801 1618 Petri
832 1564 1034 1626 Gloucestriae,
1071 1564 1267 1619 concessimus
1280 1572 1355 1607 “me-

220 1644 371 1701 Willclmo
406 1647 442 1700 de
479 1647 673 1702 Yaneworthe
709 1647 919 1702 dimidietatem
953 1649 1040 1702 unius
1070 1647 1207 1718 burgagii
1238 1648 1268 1702 in

218 1728 316 1801 lrurgo
331 1742 432 1784 noatm
449 1730 486 1784 de
497 1731 688 1795 Northleche‚
703 1731 815 1785 scilicet
827 1730 1012 1786 medietatem
1031 1730 1111 1785 illius
1129 1730 1267 1801 burgagii

218 1813 298 1883 quod
314 1814 479 1869 Alvcredus
499 1815 527 1868 le
546 1814 641 1868 Budcl
660 1826 744 1869 antea
768 1815 805 1869 de
823 1815 906 1869 nobis
924 1815 1036 1878 tenuit3
1065 1814 1219 1869 tenendam
1238 1823 1269 1869 et

218 1896 380 1952 habendm
405 1897 443 1951 de
470 1898 553 1953 nobis
579 1899 609 1951 iu
637 1898 720 1952 leode
744 1912 775 1954 ct
791 1899 961 1953 haereditate
980 1898 1037 1953 sibi
1056 1906 1087 1952 et
1103 1898 1268 1953 heredibus

219 1999 292 2036 aurs.

254 2064 414 2121 Reddendo
440 2065 508 2121 inde
527 2067 677 2122 annuatim
696 2067 779 2122 nobis
799 2078 857 2122 tres
877 2067 985 2122 solidos
1003 2067 1116 2123 duobus
1135 2068 1269 2123 terminis

218 2151 298 2215 anni,
324 2151 439 2205 scilicet
465 2151 652 2207 medietatem
679 2151 716 2205 ad
743 2152 1004 2207 Annunciationcm
1030 2153 1130 2207 Bcatae
1155 2152 1268 2215 Maria,

217 2248 250 2289 et
273 2235 361 2289 aliam
385 2235 572 2290 medietatem
599 2236 637 2289 ad
663 2237 770 2291 festum
796 2236 895 2292 Sancti
920 2236 1085 2300 Michaelis,
1110 2255 1163 2306 pro
1190 2238 1268 2291 omni

218 2320 350 2383 servitio,
370 2319 452 2374 salvo
477 2320 560 2374 nobis
588 2319 722 2373 theloneo
749 2319 786 2373 de
813 2338 889 2391 equo
916 2320 1035 2375 vendito
1062 2339 1120 2375 uno
1137 2320 1268 2382 denario,

217 2416 249 2458 et
272 2402 309 2457 de
333 2403 465 2473 quolibet
490 2404 609 2458 bracino
627 2403 745 2459 vendito
763 2423 822 2459 uno
839 2404 968 2459 denario.
1007 2404 1090 2460 Idem
1108 2422 1179 2459 vcro
1196 2404 1270 2458 Wil-

217 2486 324 2541 lelmus
346 2487 546 2558 juramentum
572 2487 655 2542 uobis
681 2489 820 2558 praestitit
843 2489 921 2558 quod
943 2488 1038 2543 fidelis
1062 2490 1120 2544 erit
1137 2488 1268 2543 ecclesia

215 2579 334 2636 nonna,
366 2584 396 2626 ct
431 2572 556 2625 maximo
587 2572 624 2626 de
654 2571 803 2627 reddendo
834 2571 979 2643 [redditu]
1009 2580 1109 2628 nostro
1138 2574 1269 2645 plenarie

216 2656 336 2713 statutis
353 2656 497 2720 terminis,
518 2664 549 2711 et
566 2656 644 2727 quod
669 2675 722 2711 nec
741 2666 834 2711 artem
853 2676 906 2712 nec
925 2658 1076 2727 ingenium
1096 2656 1266 2728 [exquiret]

216 2739 295 2795 unde
312 2739 416 2795 domus
434 2750 536 2794 nostra
553 2757 606 2811 per
625 2754 759 2794 tenuram
779 2759 862 2795 suam
881 2741 1020 2795 damnum
1038 2742 1178 2805 incurrat,
1198 2752 1265 2805 etc..

215 2832 248 2879 et
263 2836 325 2880 tam
342 2824 406 2896 ipae
424 2843 513 2895 quam
531 2824 662 2879 haeredes
683 2826 728 2879 sui
753 2825 865 2880 curiam
890 2832 1020 2881 nostram
1045 2833 1204 2897 aequentur
1222 2827 1268 2881 bia

216 2908 249 2963 in
270 2926 348 2964 anno
370 2909 408 2964 ad
430 2909 633 2963 rationabilem
659 2910 926 2975 summonitionem,
946 2909 1061 2966 scilicet
1080 2910 1119 2965 ad
1135 2909 1269 2981 hoteday

216 2999 248 3051 et
264 2992 303 3047 ad
320 2994 428 3049 festum
447 2992 546 3047 Sancti
564 2992 694 3049 Martini.

252 3077 291 3133 In
307 3077 393 3148 cnjus
411 3077 465 3142 rei,
485 3086 541 3133 etc.

482 3335 781 3402 ccccnxxxlv.
806 3336 855 3401 De
877 3337 997 3403 eademi

254 3480 355 3541 Sciant
377 3498 536 3558 presentes
560 3496 590 3544 et
613 3489 715 3553 futuri,
736 3488 814 3559 quod
837 3507 894 3560 ego
912 3489 1070 3553 Hearieus,
1091 3488 1145 3542 Dei
1170 3489 1267 3559 gratia
1281 3494 1369 3549 Ostha

217 3569 307 3625 abbas
336 3576 367 3624 et
395 3580 554 3628 conventus
591 3575 692 3629 Sancti
722 3573 804 3628 Petri
836 3572 1039 3635 Gloucestriae,
1069 3573 1354 3627 concessimuam

217 3652 345 3709 Bieardo
370 3654 407 3709 dc
432 3656 581 3728 Duigtonc
608 3676 698 3712 unum
724 3657 909 3727 mesuagium
936 3664 967 3712 ct
991 3664 1056 3711 octo
1079 3674 1161 3712 acras
1179 3666 1266 3711 terras

217 3754 286 3793 oum
310 3740 495 3809 pertinentiis
523 3742 552 3795 in
578 3742 652 3796 villa
674 3742 712 3797 dc
739 3742 930 3807 Northlechc,
958 3741 1024 3796 illas
1050 3741 1164 3797 seilicet
1192 3759 1267 3812 quas

216 3820 365 3879 walterus
383 3824 462 3879 lilius
480 3825 610 3897 Philippi
628 3828 741 3891 tenuit3
761 3827 902 3881 tenendas
921 3834 952 3880 et
968 3824 1115 3881 habendas
1134 3825 1266 3880 danobis

216 3914 329 3961 tantum
359 3907 391 3962 in
420 3909 481 3964 vita
511 3928 573 3973 sua,
605 3910 653 3965 vel
684 3911 714 3964 in
744 3912 806 3965 vita
835 3911 934 3965 uxoria
966 3928 1026 3965 sum
1056 3928 1144 3981 quam
1172 3910 1267 3981 primo

216 3990 343 4057 duxerit,
372 3993 421 4047 vcl
450 3994 572 4049 alterius
603 4012 705 4050 corum
740 3995 790 4065 qui
821 3995 933 4051 diutius
967 3994 1082 4060 vixerit,
1114 3995 1207 4050 libere
1236 4002 1267 4051 et

216 4076 316 4145 quiete
341 4077 378 4130 ab
405 4079 483 4132 omni
508 4079 639 4145 servitio,
659 4081 819 4144 exactione,
839 4088 871 4134 et
894 4079 1044 4144 demanda,
1065 4097 1118 4150 pro
1141 4087 1266 4151 quatuor

216 4159 319 4215 solidis
348 4160 415 4216 inde
445 4164 594 4218 annuatim
631 4163 831 4235 persolvendis
862 4163 946 4219 nobis
977 4163 1091 4219 duobus
1118 4165 1264 4229 terminis,

216 4242 404 4299 medietatem
430 4245 467 4299 ad
494 4246 602 4301 festum
621 4247 721 4302 Sancti
739 4247 895 4302 Michaelis
919 4254 951 4301 et
973 4247 1062 4303 aliam
1080 4248 1266 4304 medietatam

214 4326 254 4384 ad
269 4328 535 4385 Annunciationem
553 4331 652 4386 Beata
670 4331 783 4386 Μανία),
809 4331 881 4387 Post
899 4331 1052 4388 decessum
1064 4351 1135 4389 vero
1145 4334 1267 4390 alteriue

215 4429 319 4468 eorum
345 4412 397 4484 qui
421 4412 533 4469 &uuus
555 4416 673 4480 vixerit,
692 4415 868 4488 praediotum
892 4417 1079 4490 mesuagium
1101 4436 1170 4474 cum
1192 4436 1268 4489 pra·

214 4495 303 4552 dictis
333 4508 399 4552 octo
424 4498 512 4563 acris,
542 4516 610 4555 cum
637 4500 715 4556 omni
748 4500 951 4556 melioratione
980 4504 1174 4575 superposita,
1205 4503 1267 4558 aina

214 4580 316 4652 aliqua
343 4582 571 4638 contradictione
607 4584 644 4638 ad
673 4602 726 4640 nos
756 4584 849 4640 libore
879 4592 1054 4644 revertetur.
1103 4586 1268 4643 Pradiotus

215 4672 316 4721 antem
331 4664 476 4723 Ricardus
491 4668 692 4739 juramentum
709 4669 794 4726 nobis
812 4670 961 4741 prestitit,
981 4680 1037 4730 etc.

250 4750 289 4807 Ia
306 4750 392 4824 cujus
409 4753 464 4819 rei,
484 4760 540 4809 etc.
