3218 5640
366 798 409 862 62
655 809 905 861 cunwmsruu
927 810 1139 862 srouusrunn

365 991 426 1040 tem
444 991 474 1040 et
491 991 683 1052 conventum
712 988 805 1042 ultera
822 1005 892 1042 vero
915 1006 993 1059 pars,
1019 990 1120 1061 sigillo
1137 995 1238 1044 nostro
1262 993 1292 1043 et
1316 988 1420 1060 sigillo

366 1070 511 1125 dictorum
530 1071 642 1127 abbatis
666 1077 697 1127 et
714 1079 872 1129 conventus
887 1071 1039 1146 [signatn],
1060 1075 1170 1130 residet
1193 1090 1283 1146 penes
1305 1074 1419 1128 dictum

365 1173 520 1210 vicanum.

401 1236 511 1293 Datum
530 1239 607 1310 apud
625 1238 837 1296 Gloucsstriem
857 1242 888 1296 in
906 1241 1011 1313 vigilie
1031 1243 1131 1297 Beatoe
1150 1216 1327 1313 Margaretae
1348 1241 1419 1297 Vir-

365 1323 453 1394 ginis,
485 1341 558 1379 anno
594 1322 711 1380 Domini
747 1324 905 1381 millesimo
935 1326 1134 1383 ducentesimo
1170 1325 1418 1399 quinquagesimo

366 1408 476 1480 quinto.

705 1639 864 1705 DXXVI.
889 1640 936 1704 De
958 1639 1076 1705 sedern.

196 1784 263 1836 AD·
281 1792 344 1838 1139
400 1790 637 1864 T[heobeldus],¹
655 1792 712 1849 Dei
733 1794 830 1865 gratie
852 1793 1072 1850 Centauriemis
1090 1794 1337 1869 archiepiscopus,
1357 1794 1420 1851 An-

196 1859 287 1903 -1161,

197 1932 235 1982 Os
242 1933 284 1983 the

195 2015 270 2050 seme.

195 3155 233 3202 Of
240 3154 283 3204 the

193 3236 268 3274 saruc.

364 1877 482 1950 glorum
499 1878 621 1950 primas,
634 1879 781 1935 universis
793 1878 907 1935 Sanctus
924 1880 1066 1936 Ecclesiue
1086 1880 1232 1944 fidelibus,
1246 1881 1381 1936 salutem.

399 1964 623 2028 Poenitentibus,
646 1969 677 2020 et
693 1967 813 2036 peccatu
832 1965 982 2029 confessis,
1005 1969 1035 2019 et
1055 1964 1210 2020 ecclesiam
1233 1963 1290 2020 Dei
1311 1966 1420 2024 devote

363 2048 579 2115 venerantibus,
598 2048 717 2121 pietatis
735 2049 875 2104 instinctu
893 2050 1084 2105 admonemur
1107 2049 1318 2105 misericordius
1342 2052 1420 2107 sola·

362 2132 438 2188 tium
461 2134 634 2198 retribuere,
660 2138 690 2188 et
713 2132 903 2205 indulgentiae
927 2132 1091 2189 remedium
1115 2149 1322 2205 compensem
1349 2135 1419 2190 inde

362 2217 504 2287 estquod
522 2218 657 2272 omnibus
676 2217 862 2281 Christianis,
882 2218 933 2288 qui
952 2217 1114 2273 devotionis
1135 2218 1243 2273 intuitu
1260 2219 1420 2274 ecclesiam

363 2302 463 2358 Sancti
482 2300 609 2357 Guudlei
625 2301 662 2356 de
681 2301 767 2358 Novo
782 2301 885 2372 Burgo
903 2302 1097 2373 requisierint,
1118 2307 1148 2356 et
1167 2302 1198 2356 in
1214 2303 1314 2373 eliquo
1329 2304 1420 2358 bene·

362 2386 428 2441 ficio
445 2404 499 2457 pro
518 2386 575 2441 Dei
595 2403 693 2441 amore
720 2391 750 2440 et
774 2386 935 2441 animarum
966 2404 1084 2441 suarum
1109 2385 1204 2440 seluto
1232 2403 1298 2441 eum
1325 2387 1419 2442 hono·

361 2471 500 2536 raserint,
527 2471 695 2542 quindecim
719 2470 835 2525 dierum
860 2470 1073 2542 indulgentiam
1099 2470 1135 2524 de
1165 2471 1339 2542 punitentia
1363 2489 1420 2528 sun

360 2556 507 2621 facimus,²
524 2562 555 2610 et
571 2555 702 2611 omnium
725 2556 890 2610 orationum
913 2573 947 2610 eo
970 2554 1177 2610 beneficiorum
1196 2553 1419 2612 Oeutuurieusis

361 2640 494 2695 ousiosim
512 2658 562 2695 sos
582 2645 725 2711 perpetuo
742 2639 901 2713 participes
923 2640 1137 2695 constituimus.
1174 2638 1289 2695 Valete,

690 2908 871 2975 DXXVII.
894 2909 941 2973 Dc
965 2909 1083 2975 codem.

194 3073 262 3125 Λ.Ι).
277 3080 349 3126 1239.
397 3074 551 3131 Universis
576 3073 691 3131 Sanctae
711 3075 816 3131 Matris
835 3074 976 3130 Ecclesiae
994 3074 1073 3140 filiis,
1092 3075 1181 3131 abbas
1199 3077 1237 3131 de
1255 3076 1416 3143 Eveshsm,

361 3165 392 3214 et
402 3160 484 3231 prior
495 3159 531 3214 de
543 3159 695 3224 Peresora,
711 3164 742 3215 et
756 3159 883 3214 decenus
901 3159 938 3213 de
950 3159 1175 3224 Dumbslthonc,
1189 3160 1418 3233 Wygorniensis

361 3243 516 3315 dyoecesis,
537 3243 662 3299 salntem
680 3244 712 3298 in
733 3243 858 3298 Domino
878 3244 1093 3315 sempiternam.

396 3327 568 3384 Mandatum
587 3328 698 3383 domini
718 3327 807 3398 Papae
824 3328 855 3381 in
876 3328 939 3382 hoec
958 3327 1047 3383 verbu
1067 3329 1260 3399 suscepimus.

397 3410 578 3485 Gregorius³
608 3411 773 3492 episcopus,
800 3428 902 3467 servus
928 3428 1080 3466 servorum
1104 3411 1169 3477 Dei,
1197 3412 1314 3469 dilectis
1345 3413 1419 3470 filiis

360 3497 459 3553 abbati
477 3497 514 3551 ds
533 3496 689 3560 Eusebem,
709 3495 802 3566 priori
820 3494 856 3549 de
875 3495 1027 3560 Perssera,
1041 3503 1072 3550 et
1092 3496 1202 3551 deceno
1221 3498 1258 3553 de
1272 3497 1420 3553 Dumbel·

358 3588 436 3646 tone,
455 3579 679 3654 Wygoruiensis
700 3579 845 3644 dioecesis
869 3579 1044 3634 salutemet
1066 3581 1255 3653 apostolicam
1279 3582 1419 3638 benedic·

359 3666 478 3722 tionem.

394 3747 552 3818 Querulum
576 3746 690 3802 abbatis
719 3752 750 3801 ct
773 3751 931 3802 conventus
963 3746 1063 3802 Sancti
1087 3746 1169 3803 Petri
1194 3749 1231 3803 de
1256 3749 1420 3808 Glovernia

358 3834 534 3904 recepimus,
557 3832 753 3887 continentem
772 3831 851 3901 quod
871 3832 952 3902 prior
969 3837 1000 3885 st
1019 3838 1179 3888 conventus
1199 3833 1310 3889 Montis
1326 3835 1421 3891 Acuti

358 3917 562 3974 cluniacensis
586 3914 706 3978 ordinis,
732 3913 768 3968 R.
792 3915 888 3980 miles,
910 3914 1077 3987 etquidem
1102 3915 1154 3970 alii
1174 3917 1276 3972 clerici
1296 3924 1327 3972 et
1347 3919 1420 3975 laici

358 4002 510 4059 Bethoniae
521 3999 578 4072 [st]
594 3998 804 4056 Sarebirieusis
815 3999 998 4064 dioecesium,
1007 4016 1096 4070 super
1108 3999 1240 4067 decimis,
1255 4004 1421 4074 possessio·

357 4087 454 4150 nibus,
474 4085 648 4148 redditibus,
670 4088 701 4137 et
719 4083 806 4136 rebus
826 4083 902 4147 eliis,
923 4083 1102 4153 injuriantur
1126 4085 1247 4141 eisdem.
1285 4086 1420 4159 Ideoque

358 4170 527 4225 discretioni
547 4175 654 4224 vestrm
672 4183 726 4239 per
744 4167 904 4238 apostolica
921 4168 1030 4238 scripta
1054 4168 1236 4234 mandamus,
1264 4173 1419 4241 quatinus,
1463 4163 1471 4179 ”

358 4253 490 4326 pertibus
515 4251 690 4315 convocatis,
717 4250 842 4304 audietis
867 4267 993 4314 causam,
1020 4255 1051 4304 et
1074 4251 1267 4322 appellatione
1292 4261 1418 4320 remoto,

358 4339 415 4391 tine
434 4337 532 4392 debito
550 4334 724 4399 terminetis,
741 4334 879 4389 iacientes
899 4334 976 4404 quod
992 4334 1182 4390 decreveritis
1195 4354 1249 4408 per
1261 4356 1421 4395 censuram

626 4494 690 4500 ........
707 4492 834 4499 ...ψ-η...
1209 4497 1233 4503 .-
1244 4498 1275 4503 -—
1290 4500 1295 4504 .
1307 4498 1370 4505 -—
1383 4500 1411 4506 ἢ

389 4587 396 4617 ¹
415 4584 485 4636 Most
501 4583 623 4649 probably
634 4582 686 4632 this
697 4580 857 4646 archbishcp,
941 4585 952 4613 ²
968 4583 1161 4646 Astersucimus
1172 4585 1242 4635 there
1262 4585 1284 4635 is
1303 4603 1317 4637 a
1337 4589 1419 4654 slight

352 4665 462 4731 judglng
473 4665 538 4714 tlom
549 4663 592 4713 the
607 4671 680 4712 tenor
699 4662 729 4710 of
743 4661 786 4713 the
803 4676 857 4725 prs-
909 4677 1007 4713 erasure
1020 4663 1047 4711 in
1058 4663 1100 4713 the
1112 4663 1168 4713 MS.

355 4745 446 4812 ceffiug
460 4745 580 4797 cherters.
941 4739 1086 4805 'Gregory
1098 4739 1146 4790 IX.
