3218 5640
362 801 405 864 30
645 813 895 866 caecutiamus
917 813 1127 866 noussruau

363 1007 424 1046 suae
443 988 525 1045 dedit
542 988 653 1046 eisdem
680 991 830 1046 monachis
849 1009 917 1046 cum
935 991 1069 1046 omnibus
1095 991 1157 1046 suis
1175 990 1363 1071 pertinentiis
1382 994 1415 1049 in

361 1075 495 1140 liberam,
521 1093 635 1146 puram,
656 1082 686 1131 et
709 1082 880 1148 perpetuam
898 1076 1096 1131 elemosinam.
1144 1076 1184 1131 Et
1211 1078 1353 1149 quicquid
1382 1079 1414 1133 in

362 1159 440 1214 dicto
458 1159 624 1214 molendino
641 1179 708 1215 cum
726 1160 909 1232 pertinentiis
927 1167 1011 1232 pater
1028 1178 1112 1216 meus
1129 1161 1233 1216 hebuit
1244 1161 1292 1217 vel
1304 1161 1414 1217 habere

361 1243 457 1314 potuit
481 1244 544 1298 sine
571 1244 669 1316 aliquo
696 1250 894 1301 retenemento
912 1246 1023 1301 eisdem
1042 1246 1191 1302 monachis
1215 1247 1364 1303 concessi¹
1383 1254 1415 1302 et

361 1327 539 1394 confirmavi,
560 1333 614 1384 ete.

665 1601 902 1672 COOOLXIX.
927 1605 975 1671 Dc
991 1603 1108 1670 eodem.

194 1784 263 1835 Μ),
278 1791 348 1846 1220,
398 1760 499 1818 Sciant
516 1765 675 1833 presentes
694 1766 724 1817 et
741 1761 844 1825 futuri,
865 1760 952 1832 quod,
973 1776 1028 1831 ego
1046 1759 1213 1817 Willelmns
1232 1761 1269 1817 de
1286 1761 1412 1828 Parcho,

195 1852 272 1916 April
285 1859 307 1903 5.

196 1930 282 1981 Orthe

194 2013 268 2048 same.

195 2077 211 2127 s.
227 2082 280 2128 122.

362 1864 436 1903 enno
451 1847 487 1903 ab
506 1846 710 1902 Incarnatione
729 1846 848 1900 Domini
866 1845 1024 1900 millesimo
1042 1844 1242 1903 ducentesimo
1260 1848 1414 1916 vicesimo,

361 1933 445 1987 nonis
464 1933 587 2004 Aprilis,
601 1949 655 2003 pro
675 1931 769 1987 salute
788 1931 893 1985 animae
911 1948 984 1984 meaa
1002 1936 1032 1984 et
1051 1932 1181 1986 omnium
1194 1938 1413 1989 antecessorum

361 2025 391 2073 et
418 2034 619 2073 successorum
646 2034 788 2079 meorum,
809 2015 877 2070 dedi
896 2021 926 2070 et
952 2016 1092 2079 concessi,
1112 2023 1142 2071 et
1168 2018 1306 2088 praesenti
1334 2024 1415 2074 carta

360 2119 426 2157 mea
443 2101 622 2165 confirmavi,
642 2100 673 2155 in
691 2101 825 2163 liberem,
839 2117 953 2170 puram,
974 2105 1004 2155 et
1021 2107 1194 2172 perpetuam
1213 2102 1412 2169 elemosinam,
1442 2142 1450 2159 .

360 2186 457 2241 abbati
483 2191 513 2240 et
538 2185 692 2239 conventui
722 2184 820 2239 Sancti
847 2184 929 2239 Petri
957 2182 1157 2250 Gloucestriae,
1186 2186 1336 2242 redditum
1364 2205 1415 2243 sex

361 2270 520 2326 solidorum
545 2270 576 2325 in
603 2269 770 2323 molendino
797 2269 874 2339 qnod
893 2267 1044 2323 Gelsridus
1062 2269 1160 2324 Morin
1185 2269 1222 2325 de
1248 2288 1297 2325 ma
1321 2271 1413 2327 harre·

361 2355 465 2410 ditarie
495 2354 590 2408 tenuit
620 2353 770 2408 annuatim
800 2352 1065 2425 percipiendorum.
1109 2354 1214 2409 Totum
1244 2356 1336 2410 etiam
1363 2357 1413 2429 jus

361 2440 438 2511 quod
455 2438 487 2493 in
505 2438 607 2493 ecdem
625 2438 791 2492 molendino
810 2455 865 2507 ego
882 2437 930 2492 vel
949 2437 1079 2492 heoredes
1098 2438 1156 2493 mei
1181 2438 1339 2496 habuimus
1366 2441 1413 2496 vel

360 2524 467 2579 habere
494 2523 651 2593 potuimus,
673 2522 735 2576 sine
763 2521 861 2592 aliquo
888 2527 1095 2585 retenemento,
1116 2523 1158 2577 cis
1176 2524 1327 2578 monachis
1347 2523 1412 2579 dedi

361 2614 391 2662 et
408 2607 547 2669 concessi,
568 2613 598 2661 et
616 2606 749 2676 quietum
774 2606 899 2660 clamavi
923 2607 953 2659 in
980 2612 1165 2677 perpetuum.
1203 2607 1269 2678 Ego
1294 2625 1366 2663 vero
1384 2616 1414 2664 et

361 2690 492 2746 heredes
521 2690 579 2744 mei
609 2689 779 2760 predictam
810 2690 992 2745 donationem
1023 2690 1171 2762 praedictis
1201 2691 1353 2748 monachis
1383 2693 1413 2748 in

361 2781 536 2847 perpetuum
553 2774 817 2829 warantizabimus.

398 2860 434 2915 In
452 2857 536 2930 cujus
554 2859 598 2913 rei
615 2858 826 2913 testimonium.

578 3131 792 3200 COCCLXX.
817 3131 866 3197 Dc
888 3130 1190 3200 tractassemus?

195 3273 308 3325 OfMiss·
397 3281 499 3339 Sciant
515 3286 576 3338 tam
592 3285 751 3353 presentes
771 3296 859 3351 quam
883 3277 986 3343 futuri,
1008 3278 1086 3350 quod
1110 3295 1166 3350 ego
1183 3250 1354 3337 Willslmus
1378 3281 1415 3337 de

193 3343 332 3394 mmm·
360 3365 620 3424 Munstreworthin
655 3363 763 3420 tradidi
800 3369 831 3418 et
866 3363 996 3419 concessi
1027 3363 1144 3434 Rogare
1180 3363 1242 3420 fllio
1273 3364 1416 3423 Oecilioe’

361 3452 553 3509 Glaucestriae
583 3458 644 3507 tres
674 3467 757 3506 acras
786 3448 864 3520 prati
895 3448 927 3502 in
954 3452 1076 3519 pastura
1103 3465 1270 3514 vaccarum,
1300 3451 1417 3508 seilicet

359 3544 477 3612 pratum
496 3536 574 3609 quod
588 3537 669 3607 jacet
693 3534 770 3590 inter
787 3538 906 3605 pratum
924 3531 1007 3603 Elym
1035 3532 1071 3588 de
1090 3533 1218 3590 Perchee
1246 3541 1277 3591 et
1293 3543 1416 3608 pratum

360 3623 471 3694 Bogeri
489 3621 571 3693 Keys
586 3621 615 3687 3⁴
633 3617 772 3675 tenendas
792 3617 827 3672 de
840 3633 887 3670 mo
900 3622 931 3672 ct
949 3616 1115 3672 haeredibus
1133 3620 1209 3674 meis
1221 3619 1268 3674 illi
1280 3626 1311 3676 et
1321 3621 1417 3678 herre-

360 3708 446 3763 dibue
460 3707 521 3763 suis
533 3706 625 3760 libere
638 3711 668 3759 et
680 3703 777 3774 quiete
787 3719 841 3773 pro
853 3701 932 3755 omni
946 3700 1075 3764 servitio,
1091 3702 1172 3757 salvo
1185 3704 1307 3760 servitio
1319 3708 1414 3779 regis,

360 3795 390 3848 in
410 3791 495 3847 feodo
513 3795 544 3845 et
560 3788 731 3844 haereditate
754 3786 904 3841 annuatim
924 3802 978 3857 pro
998 3786 1087 3840 xxvii.
1106 3787 1235 3844 denariis
1253 3789 1416 3848 reddendis

360 3877 432 3931 mihi
443 3862 493 3930 vel
505 3872 672 3929 heredibus
691 3871 742 3926 ille
761 3870 808 3926 vel
825 3869 956 3924 haeredes
976 3869 1021 3924 sui
1040 3869 1077 3923 ad
1088 3869 1283 3928 Nativitatem
1297 3873 1414 3933 Sancte

359 3959 471 4015 Maria.
509 3957 549 4013 Et
566 3974 621 4029 ego
639 3955 807 4013 Willelmus
824 3954 983 4025 pradictus
1002 3959 1032 4008 et
1048 3954 1181 4011 haeredes
1193 3957 1252 4011 mei
1270 3959 1414 4030 praedicto

359 4043 476 4115 Rogare
509 4047 540 4097 et
563 4040 729 4096 haeredibus
759 4039 820 4095 suis
839 4037 1015 4109 praedic-tum
1039 4044 1156 4109 pratum
1184 4045 1285 4096 contra
1311 4061 1412 4101 omnes

360 4127 491 4183 homines
508 4124 772 4190 warantizabimus,
793 4123 875 4178 etde
895 4122 1016 4178 servitio
1033 4124 1114 4194 rogis
1133 4125 1211 4195 qnod
1229 4128 1359 4198 pertinet
1376 4128 1411 4185 ad

357 4209 433 4268 illud
461 4216 579 4284 pratum
614 4208 837 4281 aquictabimus.
898 4208 957 4262 Pro
996 4225 1054 4278 qna
1083 4209 1218 4279 pactione
1248 4212 1410 4282 praedictus

758 4353 810 4359 .---
830 4352 956 4359 —-.....
965 4353 990 4358 -..
1065 4354 1072 4358 -
1082 4354 1216 4361 -.—--—-

394 4438 403 4471 ¹
418 4436 494 4488 scer
503 4435 610 4484 concessi
625 4434 696 4486 there
716 4434 765 4484 ise
781 4432 859 4498 slight
908 4435 982 4484 black
995 4435 1048 4492 inl,
1059 4436 1102 4485 the
1114 4436 1220 4500 original
1232 4442 1303 4492 word
1315 4443 1411 4511 having

358 4532 460 4574 auore
469 4516 497 4568 iu
507 4515 550 4568 the
560 4514 618 4566 MS.
908 4515 971 4562 bern
983 4516 1076 4565 erased.

942 4594 951 4622 ²
971 4592 1082 4659 Cecilr'oe]
1101 4594 1262 4655 Ceceli‚MS.

390 4673 634 4740 'Hmmwertlrd
663 4674 756 4723 Added
772 4672 799 4722 in
816 4673 859 4723 the
940 4671 1048 4737 ⁴Keyr]
1076 4671 1166 4724 Clenct
1188 4675 1216 4725 in
1239 4678 1340 4732 chartas·
1360 4682 1406 4734 No,

357 4757 459 4825 mgln
476 4754 505 4809 ln
516 4771 532 4808 a
542 4753 659 4816 different
675 4752 816 4815 hand,·and
832 4753 858 4803 in
908 4749 1088 4804 OCCCLXVI
1098 4754 1177 4817 (aare,
1188 4767 1211 4818 p.
1226 4758 1281 4822 28).
