3218 5640
366 794 431 855 124
655 807 905 860 cmnoalnmn
928 810 1136 860 nonnsrnan

363 978 501 1032 confirmo
539 980 609 1044 Deo,
649 987 679 1036 et
710 981 816 1038 Sancto
846 985 934 1040 Petro
972 984 1173 1048 Gloucestriae,
1206 989 1237 1037 ct
1265 983 1416 1038 monachis

362 1061 472 1117 ibidem
491 1064 553 1119 Deo
572 1066 777 1133 servientibus,
798 1075 907 1124 terram
919 1087 1007 1141 quam
1020 1068 1199 1125 Eadwardus
1212 1068 1249 1122 de
1262 1067 1416 1122 Gatelelde

362 1150 443 1201 tenet
459 1146 494 1201 de
513 1148 585 1218 ipsis
603 1151 754 1206 monachis
772 1152 849 1223 opud
869 1152 1037 1207 Geteselde¹
1056 1170 1109 1224 pro
1127 1153 1222 1208 tribus
1242 1151 1343 1206 solidis
1362 1168 1417 1222 per

362 1248 478 1294 aunum,
500 1237 530 1286 et
547 1232 620 1288 duas
644 1252 726 1289 acras
744 1236 880 1290 terracin
904 1236 1049 1293 Birecleia
1067 1255 1140 1309 quas
1164 1236 1328 1291 Alveredus
1352 1254 1416 1290 ear·

363 1314 514 1383 pentarins
544 1317 649 1380 tenuit,
682 1336 754 1389 quas
785 1338 867 1375 acras
897 1339 964 1375 cum
989 1320 1129 1391 praedicta
1157 1327 1237 1376 terra
1265 1320 1415 1375 Robertus

362 1398 507 1467 presbiter
533 1400 569 1455 de
598 1400 758 1457 Stauntcne
783 1404 886 1458 habuit
914 1422 949 1458 ex
974 1405 1049 1459 dono
1074 1405 1167 1475 patris
1194 1405 1262 1469 mci,
1292 1411 1323 1458 et
1352 1410 1414 1459 tam

362 1500 482 1538 assensu
500 1483 593 1554 ipsius
613 1504 700 1556 quam
718 1505 783 1541 meo
801 1487 880 1542 dedit
898 1488 1008 1543 eisdem
1026 1489 1185 1544 monachis.
1232 1488 1272 1543 Et
1288 1488 1357 1543 volo
1380 1496 1416 1543 ut

362 1572 480 1621 teneant
496 1566 593 1638 ipsum
611 1576 808 1625 tenementum
821 1572 851 1625 in
868 1590 972 1642 puram
984 1580 1015 1627 et
1029 1580 1201 1645 perpetuam
1213 1572 1413 1636 elemosinam,

362 1650 488 1705 liberum
506 1659 536 1706 et
554 1653 686 1723 quietum
705 1654 740 1708 ab
759 1656 837 1709 omni
863 1657 984 1712 servitio
1002 1658 1081 1727 quod
1098 1657 1136 1712 ad
1154 1675 1201 1711 me
1219 1656 1266 1711 vel
1295 1655 1333 1710 ad
1356 1656 1416 1710 hae-

361 1734 446 1789 redes
465 1754 544 1791 meos
562 1737 697 1809 pertinet.

397 1819 437 1873 Et
454 1824 487 1874 ut
504 1820 565 1876 here
583 1838 649 1876 mea
666 1822 822 1888 concessio,
843 1830 897 1880 ete.

657 2097 883 2163 DOXXVIII.
908 2098 1111 2162 Stoantcno.

363 2291 366 2297 ·
397 2261 508 2315 Notum
527 2261 566 2316 sit
584 2261 718 2316 omnibus
738 2262 851 2316 Sancte
879 2261 984 2316 Matris
1002 2261 1143 2316 Ecclesiae
1162 2261 1240 2325 filiis,
1260 2267 1321 2316 tam
1341 2280 1417 2332 prie-

264 2362 270 2373 ·
362 2346 493 2400 sentibus
512 2364 599 2416 (luam
626 2347 744 2411 futuris,
765 2345 843 2417 quod
869 2363 925 2415 ego
951 2346 1085 2415 Reganus
1112 2345 1148 2399 de
1176 2345 1325 2410 Stantone,
1347 2365 1416 2401 con-

362 2449 447 2484 cessu
472 2430 597 2484 Hazcnil
624 2431 722 2484 uxoris
748 2448 830 2494 meae,
858 2438 888 2484 et
905 2429 1047 2485 Willelmi
1073 2429 1127 2482 filii
1151 2434 1181 2483 et
1198 2428 1323 2484 haeredis
1342 2431 1414 2495 mei,

362 2515 490 2569 concessi
509 2513 581 2578 Deo,
602 2521 632 2569 et
655 2514 786 2569 eeclesiae
806 2513 905 2568 Sancti
923 2513 1005 2567 Petri
1024 2512 1225 2578 Glcneestriae,
1246 2531 1299 2584 pro
1318 2514 1416 2570 salute

361 2598 464 2653 animae
476 2616 548 2651 mere
561 2604 591 2653 et
602 2599 766 2653 animarum
778 2605 995 2667 antecessorum
1013 2614 1154 2661 meorum,
1167 2597 1199 2651 in
1211 2597 1414 2664 elemosinam,

360 2683 507 2752 virgatam
524 2689 612 2737 terrai
631 2701 695 2752 quae
715 2683 800 2737 Duna
820 2682 937 2746 dicitur,
958 2699 1045 2752 quam
1070 2680 1215 2736 Robertus
1242 2682 1416 2753 capellanus

360 2766 396 2820 dc
414 2785 461 2821 me
479 2767 581 2821 tenuit.
628 2767 766 2823 (loncesai
795 2767 883 2822 etiarn
910 2767 1053 2821 rusticum
1080 2783 1171 2820 unum
1195 2766 1311 2820 nomine
1337 2766 1417 2822 Ead-

360 2851 503 2905 muudum
533 2868 600 2905 eum
629 2857 708 2906 terra
738 2869 800 2916 sua,
833 2856 862 2905 et
891 2857 1005 2922 partem
1040 2850 1117 2920 prati
1148 2849 1226 2921 qued
1256 2858 1302 2904 est
1326 2850 1416 2921 juxta

361 2934 569 2998 molendinum,
590 2935 653 3005 ipso
671 2935 799 2990 Roberto
818 2943 975 3006 spontanea
995 2934 1144 2989 voluntate
1163 2934 1217 2988 hoc
1240 2941 1360 3005 petente
1385 2941 1417 2990 et

360 3024 515 3073 annuente.
553 3019 666 3074 Praeter
684 3020 739 3074 hoc
756 3019 799 3073 hii
813 3019 863 3089 qui
881 3021 1034 3089 praelatam
1046 3018 1234 3073 elemosinam
1252 3018 1414 3083 tenuerint,

360 3108 510 3173 pastnram
540 3109 570 3157 et
600 3104 838 3158 communitatem
868 3109 928 3157 tam
958 3102 988 3156 in
1018 3102 1105 3157 bosco
1135 3120 1222 3172 quam
1257 3100 1289 3156 in
1324 3102 1416 3172 plano

359 3188 485 3242 habeant
511 3188 541 3241 in
567 3187 627 3241 illis
653 3206 717 3258 quse
743 3187 781 3242 ad
807 3203 854 3241 me
879 3187 1026 3258 pertinent
1050 3205 1117 3242 cnm
1144 3186 1217 3240 meis
1243 3186 1414 3242 hominibus

360 3273 411 3343 qui
423 3272 515 3327 libere
533 3279 641 3326 tenent.
679 3272 719 3326 Et
735 3278 769 3325 ut
786 3271 840 3326 hoc
860 3270 1075 3335 determinetur,
1090 3272 1229 3325 sintenes
1248 3271 1413 3342 sexaginta,

359 3356 449 3411 boves
467 3362 541 3420 octe,
562 3373 659 3410 vaccae
678 3361 811 3426 quotuor,
831 3356 911 3426 porci
931 3361 961 3409 et
978 3373 1073 3426 caprae
1092 3361 1231 3426 quantum
1254 3354 1414 3411 voluerint.

360 3441 440 3496 Illud
467 3459 582 3513 quoque
609 3449 710 3497 notum
737 3443 785 3506 sit,
815 3441 893 3512 quod
917 3441 1085 3495 Bernardus
1110 3441 1191 3510 prior
1218 3440 1414 3497 Gloucestriae

359 3525 481 3580 tradidit
499 3525 572 3580 mihi
590 3526 745 3581 duodecim
763 3542 875 3580 mareas
894 3525 1009 3596 argenti
1027 3525 1081 3579 hoc
1100 3533 1209 3588 tenore,
1229 3531 1262 3579 ut
1280 3544 1298 3578 a
1315 3543 1365 3580 me
1384 3533 1415 3582 et

359 3610 395 3664 nb
424 3609 589 3664 haeredibus
610 3610 684 3663 meis
712 3608 870 3663 elemosina
895 3609 952 3663 ista
977 3609 1013 3663 ab
1039 3609 1117 3662 omni
1143 3609 1262 3663 servitio
1290 3614 1321 3663 et
1347 3628 1415 3666 con·

359 3694 515 3749 suetudine
534 3700 564 3748 et
581 3694 730 3749 exactione
749 3694 780 3748 in
797 3701 971 3765 perpetuum
989 3692 1082 3746 libera
1100 3692 1139 3748 sit
1156 3698 1187 3747 et
1205 3693 1314 3763 quicto.

395 3779 478 3848 Quod
496 3779 567 3849 (luia
583 3785 680 3835 ratum
699 3785 729 3834 et
746 3778 949 3834 inconcussum
968 3795 1033 3833 esse
1051 3777 1127 3841 volo,
1148 3786 1201 3833 etc.

695 4063 882 4132 DOXXIX.
904 4061 1075 4130 sealwdic.

395 4235 476 4290 Viris
502 4234 718 4289 venerabilibus
745 4240 774 4288 et
799 4232 934 4288 discretis
960 4232 1062 4286 amicis
1089 4231 1120 4285 in
1146 4227 1264 4286 Christo
1294 4233 1414 4290 corissi⁴

359 4320 425 4384 mis,
444 4321 484 4374 Π.
511 4320 621 4397 domini
639 4317 862 4390 Wygomiensis
887 4316 1027 4380 officialis,
1054 4325 1196 4371 reternum
1222 4316 1252 4370 in
1281 4316 1411 4374 Domino

404 4413 492 4460 utem.

359 4405 436 4545 salUt
453 4507 504 4544 vos
523 4489 662 4544 certiores
680 4487 844 4543 efficiamini
863 4487 899 4541 dc
926 4486 1106 4557 portionibus
1132 4485 1262 4542 ecclcsiae
1289 4487 1325 4542 de
1347 4489 1413 4546 Sta·

362 4660 456 4669 ,...-.
463 4657 845 4666 ,ὑφῇ-ρῳ.-
852 4656 1103 4664 ῃ---ψ--μ
1112 4655 1195 4661 -——-
1224 4655 1290 4661 -ψ
1298 4655 1410 4667 -0—-1—-n

395 4765 402 4799 ¹
419 4766 450 4817 In
462 4767 504 4818 the
521 4766 620 4831 margin
637 4765 696 4817 here
712 4765 734 4816 is
750 4764 859 4816 inserted
879 4765 906 4814 in
926 4781 942 4815 a
960 4763 1024 4815 later
1043 4763 1112 4815 hand
1129 4762 1180 4815 this
1200 4772 1267 4824 note,
1288 4763 1415 4818 Redditus

358 4850 462 4916 pertinet
471 4846 506 4897 cd
515 4844 662 4913 Hordprry.
