3218 5640
383 820 449 886 258
668 832 920 885 clarmanum
941 833 1154 886 nouasrsan

384 1012 525 1078 incurrat,
558 1019 588 1068 et
619 1013 698 1085 quod
727 1013 898 1085 predictam
927 1019 1038 1069 terram
1068 1031 1165 1085 neque
1194 1013 1310 1080 vendet,
1342 1031 1438 1085 neque

385 1097 552 1161 escambiet,
572 1115 668 1168 neque
695 1097 727 1152 in
750 1097 952 1153 vadimonium
978 1104 1075 1171 ponet,
1095 1115 1190 1170 neque
1217 1099 1306 1154 alicui
1331 1099 1437 1163 nudet,

385 1183 448 1238 siue
466 1199 589 1238 assensu
616 1189 646 1238 et
672 1182 822 1257 voluntate
847 1189 956 1242 nostra.
994 1182 1125 1238 Eandem
1144 1184 1332 1239 securitatem
1355 1183 1439 1239 nobis

385 1267 491 1321 facient
503 1266 554 1338 qui
567 1267 662 1322 eidem
676 1266 841 1323 succedent.
880 1266 953 1323 Post
965 1267 1118 1323 decessum
1137 1267 1282 1322 dictorum
1294 1267 1439 1323 Willelmi

385 1356 416 1405 et
433 1349 591 1421 Margarita
617 1352 716 1407 uxoris
744 1369 805 1406 snae
824 1369 858 1406 ac
881 1351 943 1407 nati
962 1352 1008 1407 sni
1028 1369 1116 1422 quem
1135 1369 1333 1407 successorem
1352 1369 1439 1407 suum

385 1435 581 1499 constituerit,
602 1436 681 1491 dicta
698 1441 779 1491 terra
796 1454 864 1490 cnm
882 1436 961 1490 omni
979 1436 1180 1492 melioratione
1199 1435 1385 1510 superposita
1402 1435 1440 1491 ad

385 1536 439 1574 nos
457 1518 521 1574 sina
539 1519 639 1591 aliqua
657 1520 885 1576 contradictione
905 1525 1081 1575 revertetur.

419 1602 458 1657 In
474 1603 560 1675 cujus
578 1604 622 1659 rei
640 1604 840 1660 testimonium
858 1616 986 1676 presens
1005 1604 1148 1674 scriptum
1164 1604 1196 1659 in
1219 1604 1339 1659 modum
1356 1621 1440 1674 cyro-

384 1687 490 1758 graphi
518 1688 595 1744 inter
622 1706 675 1743 nos
703 1688 869 1744 coniectum
896 1694 950 1751 est,
969 1689 1054 1759 cujus
1081 1705 1169 1743 unam
1195 1694 1319 1760 partem,
1339 1688 1441 1759 sigillo

384 1771 517 1827 ecclesia
535 1776 643 1828 nostrai
661 1773 815 1837 munitam,
836 1771 914 1827 dicto
931 1771 1082 1827 Willelmo
1108 1771 1294 1838 tradidimus,
1315 1773 1440 1827 alteram

383 1872 454 1911 vero
478 1861 602 1927 partem,
628 1856 714 1928 signo
736 1855 831 1928 ipsius
859 1855 1035 1922 roboratam,
1063 1873 1153 1928 penes
1170 1874 1224 1914 nos
1250 1856 1438 1922 retinuimus,

383 1943 439 1996 ete.

506 2131 803 2198 DCCCXXXVII.
828 2131 967 2210 Ledeue,
992 2131 1117 2198 scilicet
1140 2133 1181 2198 de
1200 2139 1312 2217 pluto.

421 2290 523 2346 Sciant
548 2297 708 2361 praesentes
736 2296 767 2346 et
793 2291 896 2355 futuri,
926 2290 1005 2361 quod
1031 2308 1087 2362 ego
1111 2290 1259 2347 Johannes
1277 2290 1386 2364 Dobyn
1404 2292 1440 2347 de

384 2374 565 2432 Kalenhulle
594 2375 671 2440 dedi,
699 2376 840 2440 concessi,
866 2381 897 2431 et
921 2375 976 2431 bac
1000 2381 1145 2446 prasente
1170 2382 1252 2432 carta
1281 2394 1349 2432 mea
1373 2395 1441 2433 con·

384 2461 508 2524 firmam,
529 2459 602 2524 Deo,
622 2466 652 2515 et
670 2460 802 2515 ecclesiae
816 2459 916 2516 Sancti
929 2459 1011 2516 Petri
1024 2459 1227 2525 Gloncestriae,
1241 2466 1272 2517 et
1288 2462 1440 2518 monachis

384 2544 494 2600 ibidem
512 2542 576 2599 Deo
594 2544 801 2610 servientibus,
821 2544 894 2599 duas
913 2562 995 2600 acras
1014 2545 1091 2616 prati
1110 2561 1177 2600 cum
1197 2544 1385 2616 pertinentiis
1403 2545 1441 2601 de

382 2637 467 2703 prato
485 2628 564 2701 qnod
582 2629 639 2684 suit
657 2628 784 2684 Galfridi
810 2629 846 2683 de
865 2628 981 2684 Ledeue
1008 2629 1040 2684 in
1057 2630 1196 2702 parochia
1213 2629 1251 2685 de
1269 2629 1439 2697 Rodesord3

381 2713 529 2768 habendas
557 2717 587 2769 et
611 2712 750 2769 tenendas
779 2712 935 2784 praedictas
956 2713 1029 2769 duas
1057 2732 1140 2769 acras
1166 2714 1242 2785 prati
1269 2715 1442 2771 memoratis

382 2797 481 2853 abbati
493 2802 524 2852 et
536 2797 691 2854 conventui
703 2803 733 2855 et
751 2814 853 2853 eorum
872 2797 1101 2864 successoribus,
1116 2798 1152 2853 de
1170 2816 1218 2854 me
1230 2805 1261 2855 et
1271 2799 1441 2855 humdibus

382 2881 457 2936 meis
485 2898 537 2936 seu
564 2881 638 2937 meis
664 2882 833 2953 assignatis,
853 2882 885 2937 in
913 2882 1046 2947 liberam,
1075 2900 1190 2955 puram,
1209 2893 1241 2939 et
1264 2890 1441 2956 perpetuam

384 2965 575 3021 elemosinam
601 2966 633 3021 in
662 2973 847 3039 perpetuum.
896 2966 962 3038 Ego
993 2985 1063 3023 vero
1094 2967 1190 3023 dictus
1221 2967 1373 3024 Johannes
1409 2975 1441 3026 et

382 3048 515 3105 heredes
538 3044 597 3104 mei
623 3068 676 3105 seu
701 3051 844 3122 assignati
869 3051 1017 3122 praedictis
1044 3050 1141 3106 abbati
1168 3056 1198 3105 et
1224 3053 1382 3108 conventui
1409 3061 1441 3109 et

381 3153 483 3190 eorum
520 3135 738 3190 successoribus
768 3135 994 3206 prenominatus
1024 3135 1098 3190 duas
1133 3153 1217 3192 acras
1253 3137 1332 3209 prati
1369 3155 1439 3192 cum

381 3218 567 3290 pertinentiis
585 3225 686 3274 contra
703 3236 803 3274 omnes
815 3225 918 3291 gentes
931 3219 1194 3286 warantizabimus,
1208 3221 1438 3294 aquietabimus,

382 3309 413 3359 et
430 3302 629 3370 defendemus,
649 3303 680 3359 in
698 3311 882 3375 perpetuum.

418 3386 458 3444 Et
469 3389 540 3460 qnia
557 3389 623 3445 volo
636 3389 716 3461 quod
726 3387 790 3445 haec
802 3407 869 3444 mea
886 3389 1012 3454 donatio,
1032 3390 1192 3454 concessio,
1213 3396 1244 3446 et
1256 3397 1347 3447 cartas
1365 3409 1441 3447 meas

381 3472 571 3537 confirmatio,
598 3472 803 3545 perpetuitatis
833 3472 924 3528 robur
953 3474 1092 3539 obtineat,
1119 3481 1296 3546 presentem
1326 3483 1441 3532 cartam

382 3556 476 3629 sigilli
495 3557 554 3612 mei
573 3557 767 3629 impressione
785 3557 930 3613 roboravi.
969 3558 1038 3613 Hiis
1057 3557 1193 3614 testibus.

629 3795 945 3861 DCCCXXXVIII.
969 3794 1186 3861 Mutteadouc.

215 3959 285 4009 Ab.
299 3964 362 4010 lats
419 3954 521 4012 Sciant
536 3960 696 4026 praesentes
709 3961 739 4009 at
761 3954 863 4018 futuri,
884 3952 962 4024 quod
979 3971 1032 4009 nos
1051 3953 1243 4025 Reginaldus,
1264 3955 1321 4011 Dei
1340 3958 1441 4028 gratia

214 4031 307 4076 4⁹⁸⁴·
383 4040 472 4096 abbas
491 4038 691 4104 Glouoestriae,
712 4045 743 4094 et
766 4039 898 4111 ejusdem
916 4037 974 4094 lodi
999 4045 1168 4102 conventus,
1188 4041 1390 4097 concessimus
1409 4051 1441 4097 at

217 4104 256 4155 Of
267 4103 554 4181 mattis‘tradidimus
574 4123 703 4179 Roberto
726 4124 762 4179 de
780 4121 935 4194 Pntteleye
953 4123 1096 4193 burgensi
1115 4123 1323 4189 Gloncastrioe,
1343 4130 1437 4181 totam

215 4174 288 4222 done.

217 4253 303 4304 ΗΜ.
382 4215 491 4265 terram
509 4226 577 4264 eum
597 4207 783 4279 pertinentiis
802 4224 889 4278 quam
908 4207 1018 4279 Symon
1037 4207 1073 4261 de
1091 4207 1277 4264 Mattesdoue
1296 4209 1439 4266 danobis

382 4294 478 4349 tenuit
506 4293 538 4347 in
567 4293 641 4348 villa
668 4292 705 4347 de
735 4291 928 4357 Mattesdone,
960 4298 991 4347 et
1020 4309 1108 4361 quam
1137 4293 1221 4348 nobis
1251 4293 1291 4348 ad
1321 4295 1438 4350 firmam

381 4376 512 4441 tradidit,
532 4382 653 4448 excepta
670 4375 737 4431 dote
756 4393 845 4447 quam
858 4375 955 4431 Alicia
972 4375 1078 4432 relicta
1095 4376 1167 4432 dicti
1187 4376 1327 4447 Symonis
1346 4386 1437 4446 tenet,

381 4468 413 4516 et
424 4466 545 4531 excepta
562 4466 642 4515 terra
661 4458 716 4514 de¹
735 4459 881 4532 Dymmok
894 4477 963 4516 cum
980 4459 1043 4515 suis
1056 4461 1258 4532 pertinentiis,
1279 4464 1435 4520 tenendam

386 4613 795 4620 ’“-“·-·-·-··--·-·
818 4615 826 4618 ·
872 4615 876 4619 -
899 4613 1014 4620 ·--—·-
1251 4614 1408 4625 “-

417 4706 495 4758 'dctae
517 4708 538 4756 is
560 4707 669 4758 inserted
687 4709 715 4757 in
734 4707 777 4757 the
800 4709 856 4760 MS.
874 4708 959 4759 before
987 4708 1108 4772 Omni,
1129 4711 1174 4760 but
1190 4710 1253 4760 with
1272 4712 1317 4764 the
1333 4714 1392 4780 sign
1409 4717 1439 4766 os

382 4801 489 4838 amare.
