3218 5640
362 767 426 830 112
651 777 898 828 caurummon
921 776 1130 827 uoussrssn

364 955 546 1010 institutione
577 957 771 1010 successimus
802 955 963 1009 exhibenda
992 955 1158 1019 auctoritas,
1190 972 1290 1010 eorum
1320 955 1412 1010 etiam

366 1059 431 1110 quae
460 1040 497 1095 ob
527 1041 660 1096 veritatis
690 1040 905 1094 attestationem
941 1041 972 1094 in
1002 1040 1111 1110 scripta
1145 1040 1263 1110 publica
1291 1039 1413 1095 redacta

366 1133 442 1188 sunt,
463 1126 488 1180 si
508 1126 650 1196 quomodo
677 1125 736 1179 fida
761 1125 865 1179 relatio
884 1124 919 1178 de
943 1124 1011 1193 jure
1030 1125 1259 1179 Gloccestrsnsis
1278 1124 1411 1179 ecclesia

365 1211 396 1264 in
414 1212 501 1264 terris
525 1211 583 1264 hiis
609 1208 754 1271 Stanadis,
780 1207 902 1272 Lecche,
923 1206 1082 1271 Ottintons‚
1103 1208 1237 1264 dubitare
1260 1226 1318 1264 non
1341 1226 1410 1264 con·

364 1295 445 1349 venit
463 1312 549 1365 quam
566 1313 584 1348 a
601 1294 703 1348 diebus
722 1294 849 1362 antiquis
869 1294 899 1346 in
917 1293 975 1347 hiis
994 1294 1143 1347 fundatam
1161 1293 1266 1348 athiis
1284 1293 1410 1348 Marcio·

364 1397 430 1433 rum
460 1397 564 1449 rogum
601 1377 757 1447 largitione
792 1377 928 1439 dotatam,
964 1378 1144 1432 cronicorum
1181 1377 1343 1433 recordatio
1380 1383 1411 1432 et

364 1464 611 1534 praedecessorum
628 1468 795 1517 nostrorum
813 1461 959 1516 attestatio
978 1461 1014 1516 ad
1033 1480 1084 1516 nos
1103 1461 1239 1517 devoluta
1250 1462 1408 1517 convincit.

365 1546 484 1603 Cunctis
527 1548 634 1618 quippe
673 1546 776 1600 diebus
818 1546 925 1600 nostris
963 1544 1217 1601 Glouccstrensem
1254 1546 1408 1602 ecclesiam

363 1632 517 1703 praedictas
536 1639 629 1686 terras
648 1630 782 1684 continue
806 1647 900 1699 usqua
918 1629 1004 1684 hodie
1022 1630 1186 1701 possedisse
1205 1631 1407 1702 cognovimus,

363 1723 393 1770 ct
423 1733 495 1779 sam,
523 1722 557 1770 ut
587 1716 697 1769 dictum
728 1720 781 1775 est,
809 1713 845 1766 ab
871 1713 998 1768 exordiis
1026 1714 1087 1768 suis
1113 1715 1144 1769 in
1170 1713 1228 1770 hiis
1246 1714 1409 1777 fundatam.

363 1801 480 1871 scriptis
499 1806 529 1854 et
546 1805 662 1870 patrum
682 1797 857 1852 testimoniis
876 1797 1088 1862 intelleximus;
1109 1805 1139 1853 ct
1155 1816 1192 1852 ne
1210 1799 1410 1869 inpressum

363 1890 461 1940 restra
488 1883 696 1937 obscuritatem
722 1882 831 1935 veritas
857 1882 995 1951 patiatur,
1016 1882 1188 1937 sublimitati
1216 1889 1322 1938 vestras
1347 1888 1408 1937 tam

362 1969 426 2022 visa
457 1985 544 2038 quam
580 1966 679 2020 audita
716 1964 925 2033 significamus,
957 1983 1022 2036 quae
1049 1967 1138 2021 etiam
1164 1968 1249 2036 juxta
1278 1965 1409 2021 mandati

362 2054 452 2106 vestri
483 2052 695 2111 auctoritatem,
717 2049 742 2102 si
773 2048 862 2103 suerit
891 2050 1090 2121 opportunitas
1116 2068 1263 2115 concessa,
1283 2051 1409 2121 probare

364 2137 457 2207 parati
477 2153 587 2190 sumus.

398 2220 445 2276 hd
470 2221 609 2275 honorem
626 2218 766 2273 Ecclesiae
793 2238 853 2275 sure
881 2220 1085 2289 paternitatem
1102 2226 1230 2274 vestram
1248 2237 1301 2290 per
1320 2220 1410 2291 longa

363 2313 494 2376 tempora
512 2299 686 2359 incolumem
704 2304 804 2358 divina
821 2310 973 2358 conservet
991 2304 1096 2372 gratia,
1110 2303 1139 2357 in
1159 2303 1286 2368 Christo,
1300 2303 1408 2359 dilecta

361 2395 452 2463 pater.

725 2605 825 2670 DOV.
850 2605 898 2670 Dc
921 2605 1038 2671 ecdem.

396 2777 547 2832 Universis
587 2776 699 2830 Sanctae
736 2776 875 2831 Ecclesiae
912 2777 989 2841 filiis,
1026 2777 1146 2833 humilis
1183 2777 1408 2835 Lanthonisnsis

360 2868 527 2917 conventus.

396 2947 432 3000 In
450 2946 582 3002 veritatis
607 2945 773 3001 testimonio
799 2951 876 3000 stare
896 2952 950 3009 est,
971 2947 1002 3001 in
1020 2953 1163 3002 conventu
1189 2955 1288 3003 nostro
1314 2949 1408 3004 frater

362 3030 480 3103 quidam
509 3031 717 3086 concanonicus
748 3040 847 3086 noster
876 3030 923 3086 W.
956 3031 1034 3087 filius
1062 3031 1170 3088 Odonis
1197 3039 1327 3096 vocatus,
1359 3035 1408 3088 vir

360 3134 483 3187 magnus
496 3116 566 3171 dum
584 3116 690 3170 saeculo
702 3115 850 3179 militaret,
864 3116 958 3185 major
976 3123 1073 3171 autem
1091 3117 1176 3171 modo
1189 3117 1252 3172 Deo
1264 3119 1407 3181 serviens,

360 3200 411 3272 qui
440 3201 504 3270 regi
529 3199 677 3253 Willelmo
708 3199 833 3254 secundo
862 3199 1038 3254 collateralis
1062 3199 1151 3271 puer¹
1176 3201 1289 3257 audivit
1313 3207 1408 3257 totam

360 3284 505 3339 abbatiam
531 3282 721 3338 Gloucestrim
749 3283 967 3354 archiepiscopo
993 3283 1188 3340 Eboracensi²
1214 3304 1231 3339 a
1259 3285 1328 3340 sede
1352 3304 1408 3341 sua

359 3376 489 3441 tempore
507 3368 718 3440 persecutionis
743 3366 868 3438 fugato,³
886 3374 956 3422 tunc
984 3368 1086 3423 abbate
1115 3376 1276 3433 vacantem,
1296 3370 1335 3425 sd
1358 3371 1406 3425 sui

359 3453 598 3509 sustentationem
616 3451 768 3507 committi.
806 3450 883 3505 Pace
902 3456 1000 3505 autem
1018 3452 1183 3515 reformata,
1202 3453 1292 3508 rediit
1310 3454 1407 3508 arohi-

359 3538 535 3611 spiscopus⁴
554 3536 591 3591 ad
609 3536 737 3607 propris,
764 3534 914 3590 monachis
942 3536 1038 3589 omnia
1071 3553 1135 3606 quae
1160 3543 1313 3608 acceperat
1342 3538 1407 3592 sine

358 3621 548 3677 diminutione
575 3620 753 3690 relinquens.
803 3618 842 3672 Et
869 3617 981 3682 exinde,
1009 3619 1086 3675 sicut
1113 3621 1220 3675 asserit
1246 3621 1406 3692 praedictus

357 3701 456 3768 frater,
476 3704 535 3758 lxv.
558 3704 640 3757 annis
666 3698 866 3773 [transactis]⁵
890 3701 1023 3756 monachi
1042 3703 1174 3774 praedicti
1195 3704 1294 3775 quiete
1313 3711 1344 3759 et
1362 3706 1405 3759 in-

358 3806 497 3844 concusse
520 3804 568 3841 res
594 3805 662 3841 suas
687 3786 887 3857 possederunt,
907 3786 1078 3841 nominatim
1104 3787 1263 3853 Stansdis,⁵
1280 3789 1405 3853 Lecohe‚

358 3870 527 3935 Borthone‚⁷
546 3869 706 3935 0tintone‚⁸
724 3887 790 3941 quae
808 3869 921 3940 proprii
945 3887 1010 3925 esse
1025 3871 1103 3942 juris
1121 3872 1254 3927 ecclesias
1267 3872 1407 3929 Glonces·

358 3958 424 4012 trias
442 3962 577 4012 testatur.

327 4236 329 4240 ,
392 4180 564 4234 'codotnalb
580 4181 657 4248 puer]
677 4196 740 4246 puer
757 4182 857 4233 collate·
939 4182 1172 4248 ‘arehiepiscopum
1208 4183 1407 4241 archidiaconns,

357 4264 424 4323 ralis,
435 4263 498 4326 Reg.
511 4262 541 4311 B.
905 4263 967 4328 neg.
979 4262 1009 4311 B.

390 4344 400 4372 ²
416 4341 525 4390 Fssldffd
553 4355 582 4389 ⁰¹
603 4341 690 4399 Alrsd,
707 4340 858 4402 arehbiflh0l’
880 4375 883 4451 p
939 4358 1110 4424 ’'numoclis]
1131 4358 1251 4423 Supplieo
1263 4359 1328 4410 hom
1341 4359 1406 4427 ch.

358 4421 388 4470 of
411 4419 490 4477 York,
517 4434 545 4469 as
572 4420 629 4469 well
657 4434 685 4469 aa
712 4419 802 4484 bishop
831 4420 862 4468 of
904 4439 936 4488 B·

358 4499 509 4557 worcester,
529 4497 560 4548 of
577 4497 661 4547 which
682 4512 735 4547 sees
754 4498 786 4547 he
805 4513 857 4548 was
938 4524 948 4551 s
967 4519 1096 4587 smmis]
1117 4522 1333 4589 Smediflhffleg,
1345 4525 1378 4575 B.

357 4577 476 4677 ‘¹²p'iwd
492 4578 527 4667 by·
543 4576 586 4626 ὼε
605 4592 675 4668 Ψ
710 4577 791 4639 (¹⁶⁶⁰
807 4578 857 4627 I*
881 4656 882 4672 i
938 4630 947 4656 ⁷
964 4627 1099 4692 seraone]
1117 4627 1226 4678 serrone
1245 4627 1284 4679 ne
1303 4630 1345 4678 ,s

359 4655 745 4719 nereanstr,vol.n1.p.97.)
881 4699 882 4703 ,
1228 4666 1234 4689 2
1284 4645 1302 4694 8
1348 4668 1354 4680 ·

392 4739 401 4767 ¹
411 4735 517 4803 supas]
537 4734 698 4801 fugitans.
880 4732 883 4786 l
937 4732 1093 4800 Ὀιὴιωηι]
1113 4734 1249 4801 Otymone,
1260 4734 1324 4801 ng.
1336 4736 1368 4788 B.
