3218 5640
645 791 893 844 GARTULARIUM
916 795 1128 846 nontamen

579 1068 815 1136 CCCOLXVI.
841 1071 889 1136 Do
912 1069 1196 1158 iliuimbuwmbd

274 1217 279 1229 '
299 1245 310 1256 ·
400 1217 499 1272 Sciant
516 1228 673 1291 praesentee
692 1229 721 1277 et
745 1221 847 1285 futuri,
868 1223 946 1291 quod
972 1242 1027 1296 ogo
1045 1222 1191 1278 Henrious
1210 1222 1246 1276 do
1265 1222 1413 1279 Mnuatre·

305 1320 307 1324 ’
325 1321 332 1335 ·
362 1302 481 1366 werthe,
502 1304 578 1361 lilius
591 1306 733 1360 Willelini
752 1305 787 1359 de
800 1305 1053 1372 Mnnsticworthe,
1074 1324 1196 1361 assensn
1214 1313 1245 1361 et
1262 1306 1412 1363 voluntate

361 1387 485 1459 Agathan
504 1390 602 1445 uxoris
621 1389 711 1445 meoe²
729 1396 759 1444 et
776 1389 905 1444 omnium
931 1400 1148 1447 antecessorum
1172 1408 1314 1456 meorum,
1340 1390 1410 1446 dedi

361 1478 390 1524 ot
419 1474 557 1536 concessi,
585 1474 616 1528 in
645 1474 777 1536 liberam,
805 1492 917 1545 puram,
950 1483 980 1530 et
1008 1481 1179 1547 perpetuam
1210 1475 1411 1538 elemosinam.

360 1556 431 1620 Deo,
451 1564 481 1612 et
499 1558 629 1612 ecclesian
650 1559 748 1613 Sancti
767 1558 851 1612 Petri
865 1558 1066 1624 Gloucostniua
1087 1564 1117 1615 at
1134 1559 1282 1614 monachis
1301 1557 1412 1614 ibidem

360 1640 421 1695 Deo
440 1641 644 1705 servientibus,
665 1647 758 1697 totum
773 1643 822 1714 jus
843 1643 920 1713 quod
939 1662 994 1714 ego
1011 1644 1059 1698 vol
1078 1643 1210 1698 haeredes
1228 1642 1288 1697 mei
1309 1641 1412 1697 habui-

359 1743 424 1780 mus
442 1725 490 1780 vel
514 1725 621 1781 habero
640 1726 788 1798 potuimus
813 1726 842 1780 in
868 1726 985 1782 redditu
1003 1734 1068 1782 octo
1087 1727 1247 1782 solidorum
1266 1733 1296 1782 et
1320 1727 1412 1782 trium

358 1809 543 1864 donariorum
562 1829 649 1881 quem
667 1811 758 1881 Hugo
776 1811 966 1866 marescallus
986 1811 1187 1877 Gloucoetriae,
1209 1819 1238 1866 ot
1265 1811 1357 1882 Elyas
1376 1811 1412 1868 de

358 1895 494 1958 Penches,
515 1901 545 1950 ot
566 1895 701 1967 Rogerus
720 1897 845 1951 clericus
872 1897 949 1952 iilius
977 1897 1088 1968 Rogani
1113 1897 1168 1951 filii
1188 1896 1316 1960 Ceciliae,
1337 1897 1412 1952 mihi

358 1981 508 2035 annuatim
526 1981 614 2035 certis
634 1980 767 2035 terminia
793 1981 944 2035 solvebant
970 1999 1023 2052 pro
1041 1982 1133 2052 pratia
1153 1999 1217 2051 quae
1245 1981 1280 2034 de
1307 1998 1356 2035 me
1381 1980 1412 2036 in

359 2063 442 2118 seodo
460 2070 490 2118 et
507 2064 677 2120 haereditate
696 2065 848 2130 tenebant;
870 2065 984 2121 seilicet
1002 2064 1098 2120 dictus
1118 2065 1208 2136 Hugo
1221 2063 1411 2120 marescallus

358 2165 410 2217 pro
440 2154 523 2218 prato
554 2147 632 2219 quod
662 2154 743 2203 tenet
771 2148 802 2202 in
834 2147 1021 2202 Schiremedc
1058 2156 1118 2204 tres
1156 2148 1263 2204 solidos
1295 2154 1325 2205 ct
1361 2166 1412 2204 aex

358 2230 492 2285 denarios
511 2231 623 2285 duobus
644 2231 778 2286 terminis
806 2232 883 2295 anni,
904 2232 1091 2287 medietatem
1119 2232 1157 2287 ad
1181 2232 1290 2287 festum
1311 2232 1412 2288 Sancti

359 2313 521 2378 Michaelia,
554 2321 583 2370 et
612 2314 700 2370 aliam
730 2315 917 2371 medietatam
948 2315 985 2369 ad
1016 2316 1279 2371 Annnnciationem
1310 2316 1410 2372 Beata

358 2398 478 2463 Muriae3
505 2400 758 2469 supranominatus
778 2417 848 2454 vero
866 2398 979 2470 Helyas
1006 2401 1180 2470 propontis,
1201 2417 1327 2471 quornm
1352 2418 1412 2455 una

358 2500 425 2551 pars
452 2482 532 2551 jacet
558 2482 588 2536 in
607 2481 758 2552 Furlnnge
788 2483 866 2537 inter
892 2490 1009 2553 pratum
1035 2482 1105 2538 dicti
1125 2483 1235 2554 Rogori
1261 2483 1363 2538 clerici
1381 2489 1412 2538 et

358 2565 503 2620 culturam
522 2584 616 2620 meam
641 2564 824 2630 dominicam,
845 2567 939 2621 altera
955 2585 1025 2621 vero
1053 2585 1120 2638 pam
1146 2568 1177 2621 iu
1203 2567 1410 2640 Hinhechinge

358 2667 422 2719 qum
444 2649 501 2704 fuit
519 2649 640 2704 Roberti
667 2651 829 2714 camerarii,
857 2650 980 2720 triginta
998 2650 1131 2705 denarios
1159 2650 1196 2705 ad
1214 2651 1409 2707 Nativitatem

358 2733 456 2788 Baatm
486 2733 605 2796 Marim;
636 2734 776 2804 praefatus
806 2752 877 2789 vero
907 2734 1042 2807 Rogetns
1073 2734 1198 2790 clericus
1227 2753 1281 2806 pro
1311 2734 1409 2791 tribua

359 2817 435 2871 coris
454 2816 530 2887 prati
556 2836 622 2888 quae
643 2816 743 2887 jacent
769 2818 798 2872 in
818 2817 968 2890 Funlungo
996 2819 1073 2873 inter
1102 2824 1218 2889 pratum
1247 2818 1410 2891 supradicti

359 2897 491 2972 H[elyae]
516 2901 552 2955 de
570 2901 698 2957 Perohea
717 2907 748 2957 ct
773 2909 882 2957 terium
901 2902 1011 2974 Rogeri
1031 2902 1142 2958 Gleuch
1160 2903 1267 2973 viginti
1295 2910 1410 2976 septam

359 2985 493 3041 denarios
511 2985 548 3040 ad
566 2986 689 3041 eundem
707 2984 882 3050 torminum
897 2986 933 3041 de
952 3003 1010 3058 qno
1022 2986 1140 3042 redditu
1158 2986 1292 3058 praedicti
1306 2986 1409 3060 Hugo,

358 3070 457 3142 Elyae,
490 3075 520 3124 et
543 3070 678 3141 Rogatus
708 3077 738 3125 et
773 3088 874 3126 eorum
904 3069 1035 3126 heoredes
1067 3070 1163 3125 abbati
1194 3079 1224 3127 ot
1260 3072 1411 3128 monachia

359 3154 459 3210 Sancti
489 3154 570 3210 Petri
601 3155 793 3211 Glouceatrioe
823 3155 885 3211 aine
915 3153 1014 3226 aliqua
1040 3155 1245 3211 reclamatione
1275 3156 1336 3211 mei
1361 3156 1410 3212 vel

357 3239 507 3295 hairedum
525 3256 657 3294 meorum
684 3239 859 3311 supradictis
878 3239 1011 3294 terminis
1030 3238 1160 3310 plenarie
1178 3238 1407 3310 respondebunt,

358 3323 398 3377 Et
421 3342 476 3395 ego
495 3323 641 3379 'Homicus
660 3330 690 3379 ct
716 3323 846 3379 haeredes
865 3322 924 3377 mei
949 3323 1041 3378 dictos
1061 3328 1125 3378 octo
1152 3323 1261 3379 solidos
1289 3331 1320 3380 et
1344 3331 1409 3380 tros

350 3407 492 3463 'denarios
528 3406 676 3479 praedictis
713 3407 809 3462 abbati
840 3413 870 3462 ot
904 3408 1053 3462 monachis
1085 3407 1277 3463 Gloucostrioe
1308 3414 1411 3464 eontra

359 3510 458 3547 omnes
482 3491 613 3546 homines
640 3498 670 3546 ot
696 3491 830 3546 foeminas
849 3491 1112 3556 warantizabimua
1133 3496 1163 3545 et
1187 3491 1223 3546 ab
1241 3492 1321 3546 omni
1349 3509 1412 3548 aer·

358 3577 431 3632 vitio
456 3582 486 3631 et
515 3576 663 3632 exactione
694 3583 754 3631 tam
780 3576 875 3647 regali
905 3594 992 3647 quani
1023 3575 1080 3630 alio
1111 3576 1336 3647 aquietabimne.
1376 3575 1409 3632 si

358 3677 428 3716 vero
445 3661 603 3732 eontigerit
621 3660 662 3715 ita
680 3660 757 3732 quod
778 3678 833 3732 ego
852 3662 899 3716 vel
925 3661 1056 3717 haeredes
1075 3661 1133 3716 mei
1162 3660 1316 3732 itraedictos
1343 3668 1410 3716 octo

359 3745 466 3801 solidos
485 3752 514 3801 et
532 3751 591 3801 tres
613 3744 746 3800 denarios
767 3744 854 3800 dictis
873 3745 971 3801 abbati
992 3753 1022 3801 et
1045 3746 1194 3801 monachia
1215 3744 1409 3801 Glonoestriae

357 3831 546 3887 ivai-antizare
563 3847 621 3884 non
638 3829 795 3899 possimus,
810 3830 950 3885 faciemus
963 3830 1006 3885 eis
1025 3829 1198 3886 rationabile
1217 3822 1407 3895 escambium,

359 3916 420 3970 sivo
447 3915 478 3969 in
502 3915 600 3979 terris,
621 3912 732 3969 sivein
759 3913 886 3978 redditu,
907 3914 945 3968 ad
962 3914 1119 3969 valentiam
1149 3919 1214 3968 octo
1243 3913 1407 3969 solidorum

359 4006 388 4054 et
405 4000 495 4054 tninm
513 3998 708 4054 donationum.

393 4084 476 4152 Quod
495 4085 564 4156 quia
581 4090 678 4139 ratum
704 4101 768 4139 esse
795 4083 1017 4155 voluptuosam
1045 4082 1189 4154 scriptum
1214 4081 1315 4154 sigillo
1342 4099 1409 4141 meo

358 4169 503 4223 mimitum
521 4170 564 4224 cis
583 4167 700 4232 tradidi,
725 4174 779 4223 etc.

446 4353 451 4356 -
482 4350 750 4358 —--——-—--
762 4346 1405 4358 ——--.--.---—-—---⁴-...-.--—-a-

391 4467 622 4538 'lllnnatremorbd
650 4472 732 4523 added
760 4471 785 4521 in
815 4471 857 4522 tbc
878 4473 880 4495 ³
934 4471 1044 4521 2ιιπονιέ
1054 4472 1124 4538 mee]
1155 4471 1244 4523 uxoria
1267 4486 1339 4533 meae,
1362 4483 1409 4538 pro

356 4553 456 4618 niargin
474 4551 500 4601 in
512 4568 528 4602 a
538 4550 654 4602 different
674 4551 750 4610 hand,
762 4552 812 4601 and
830 4551 855 4599 in
877 4536 880 4600 ἶ
902 4552 982 4602 salute
993 4551 1085 4602 anima
1097 4567 1158 4603 mee
1170 4560 1195 4603 et
1206 4553 1324 4604 omnium
1337 4561 1409 4604 uate·

355 4633 427 4683 black
440 4633 494 4692 ink,
506 4631 549 4683 the
560 4630 669 4696 original
681 4631 751 4681 uord
762 4630 857 4697 having
903 4647 1029 4684 caaeomm
1040 4648 1161 4694 meorum,
1172 4636 1237 4685 eta?

356 4714 419 4764 been
431 4714 525 4764 ennead.
