3218 5640
361 785 426 847 204
635 798 884 849 clamamus
906 799 1115 849 norasraan

360 970 442 1025 lelmi
468 970 596 1037 Jurdan;
629 978 659 1026 et
687 979 830 1043 praeterea
858 978 951 1027 totam
980 972 1062 1026 illam
1093 989 1181 1043 quam
1211 969 1302 1024 habui
1331 967 1412 1021 infra

359 1056 491 1109 clausum
509 1056 587 1126 apud
613 1057 849 1120 Tiscideswelle3
875 1063 905 1111 et
929 1062 1073 1127 praeterea
1099 1072 1200 1109 omnes
1227 1054 1295 1107 illas
1321 1068 1411 1121 garae

359 1157 438 1192 meas
458 1157 581 1209 quarum
599 1142 797 1194 extremitates
817 1157 848 1194 se
867 1140 1026 1195 extendunt
1038 1156 1132 1209 usque
1150 1136 1188 1192 ad
1207 1134 1409 1208 supradictam

360 1224 483 1277 croftam
506 1223 651 1293 jacentem
678 1225 709 1278 in
733 1224 855 1295 longum
883 1223 918 1278 do
939 1222 1100 1287 Suthbroc;
1121 1228 1152 1276 et
1176 1222 1249 1276 duos
1269 1219 1410 1274 selliones

356 1305 484 1375 jacentes
506 1309 536 1360 in
560 1308 775 1382 Truddeworpe
802 1307 888 1378 juxta
914 1313 1024 1362 terram
1050 1305 1255 1377 praenominati
1273 1301 1410 1365 abbatis3

361 1407 425 1460 quae
444 1391 582 1460 praedicta
599 1396 764 1445 tenementa
788 1391 870 1445 tenui
895 1390 931 1444 de
956 1390 1065 1444 Editha
1089 1388 1235 1459 quondam
1255 1387 1318 1440 filia
1334 1383 1411 1439 Wil-

355 1472 441 1532 lelmi
459 1473 495 1526 de
514 1473 738 1529 Ohurchesdone
757 1474 793 1528 de
817 1473 901 1529 feodo
926 1474 1134 1544 praedictorum
1159 1471 1273 1526 abbatis
1293 1476 1323 1524 et
1340 1485 1410 1523 con·

359 1565 482 1622 ventus;
500 1557 634 1612 habenda
657 1564 687 1612 et
713 1557 838 1612 tenenda
864 1559 961 1612 omnia
986 1557 1126 1628 praedicta
1150 1559 1316 1609 tenemento
1340 1568 1411 1606 cum

360 1640 421 1694 suis
439 1641 624 1711 pertinentiis
643 1641 754 1695 eisdem
778 1640 876 1695 abbati
901 1650 930 1694 et
948 1639 1105 1694 conventui
1124 1646 1273 1693 eteorum
1292 1652 1411 1692 sncces-

359 1724 482 1788 soribus,
503 1724 599 1779 soluta
617 1731 647 1778 et
665 1726 765 1795 quieta
783 1726 819 1778 ab
832 1725 1006 1798 omnimodis
1019 1724 1150 1779 servitiis
1169 1728 1199 1777 et
1217 1719 1411 1776 sacularibus

358 1805 508 1862 demandis
527 1807 564 1861 ad
581 1826 628 1861 mo
648 1815 677 1862 et
693 1809 826 1862 haeredes
853 1826 933 1862 meos
959 1809 1026 1862 inde
1051 1806 1267 1878 pertinentibus
1293 1805 1326 1858 in
1343 1821 1413 1874 per·

358 1897 487 1960 petuam,
508 1892 637 1962 exceptis
656 1892 835 1946 orationibus
860 1891 1073 1963 spiritualibus,
1116 1891 1156 1944 Et
1180 1907 1236 1960 ego
1261 1888 1413 1943 Ricardus

360 1978 389 2027 et
417 1974 547 2029 haerodes
578 1976 637 2029 mei
666 1983 832 2030 tenementa
861 1975 1002 2046 praedicta
1032 1992 1100 2029 cum
1130 1975 1192 2028 suis
1223 1972 1413 2043 pertinentiis

360 2057 533 2128 supradictis
552 2059 649 2113 abbati
668 2065 698 2113 et
716 2060 870 2114 conventui
891 2065 921 2113 et
944 2076 1045 2113 eorum
1064 2057 1283 2112 successoribus
1307 2061 1413 2110 contra

359 2157 459 2194 omnes
477 2141 613 2195 mortales
632 2142 893 2196 warantizabimus.

394 2223 434 2278 Et
460 2232 493 2278 ut
522 2225 618 2278 omnia
644 2226 784 2295 praedicta
810 2225 915 2280 debias
941 2223 1130 2279 firmitudinis
1157 2221 1247 2277 robur
1266 2221 1410 2285 obtineat,

359 2315 468 2360 cartam
498 2315 672 2378 praesentem
702 2309 795 2378 sigilli
825 2309 883 2362 mei
913 2308 1106 2379 impressione
1138 2306 1286 2361 roboravi.
1336 2305 1410 2359 Hiis

358 2390 491 2455 testibus,
511 2397 567 2445 cto.
1410 2397 1413 2401 ’

668 2655 879 2722 DCCLXVI.
901 2655 950 2720 De
972 2653 1092 2720 eodem

193 2826 339 2881 maaca
397 2826 549 2881 Universis
580 2827 691 2882 Christi
719 2827 854 2881 fidelibus
881 2826 918 2880 ad
945 2844 1018 2897 quos
1035 2842 1164 2897 praesens
1183 2823 1328 2894 scriptum
1345 2840 1416 2893 per·

192 2899 284 2946 4284.

87 2987 89 2991 ·
194 2972 283 3024 osae

194 3052 270 3090 same.

194 3115 214 3169 f.
226 3121 281 3168 1⁸⁸.

363 2910 485 2973 venerit,
514 2910 704 2980 Reginaldus,
732 2911 924 2982 permissione
955 2908 1055 2962 divina
1082 2908 1172 2962 abbas
1200 2906 1302 2961 Sancti
1325 2905 1414 2960 Petri

362 2993 563 3058 Gloucestriae,
583 3000 613 3048 et
637 2995 769 3064 ejusdem
795 2994 853 3048 loci
878 2999 1047 3057 conventus,
1076 2990 1202 3046 salntem
1226 2991 1258 3043 in
1284 2989 1415 3045 Domino

363 3078 577 3146 sempiternam.

395 3160 520 3214 Noverit
548 3160 724 3215 universitas
755 3167 862 3223 vestra,
893 3177 946 3213 nos
977 3158 1156 3213 concessisse
1192 3162 1223 3210 et
1251 3155 1415 3211 tradidisse

361 3242 491 3297 Waltero
509 3245 536 3297 le
556 3243 664 3299 Severe
688 3244 830 3313 burgensi
848 3243 885 3295 de
905 3242 1098 3305 Gloucestria,
1126 3239 1327 3294 molendinum
1346 3257 1416 3294 nos·

361 3333 440 3380 trum
458 3327 536 3397 qnod
547 3334 668 3382 vocatur
689 3324 935 3381 Budelesmulne¹
959 3343 1026 3378 cum
1048 3324 1232 3395 pertinentiis
1251 3324 1315 3377 suis
1333 3322 1418 3393 quod

361 3419 406 3463 est
424 3411 499 3463 inira
516 3410 678 3464 manerium
696 3416 829 3464 nostrum
848 3407 885 3463 de
903 3408 1067 3472 Berthona;
1095 3406 1253 3461 tenendum
1271 3405 1417 3460 danobis

361 3501 391 3545 et
409 3493 626 3546 successoribus
639 3494 747 3546 nostris
766 3493 803 3545 ad
814 3492 907 3545 vitam
926 3509 1008 3544 suam
1027 3497 1150 3554 tantum,
1171 3488 1226 3543 sub
1243 3489 1299 3542 hac
1317 3488 1418 3544 forma

363 3592 414 3628 seu
433 3575 608 3638 conditione,
631 3575 770 3628 videlicet
790 3574 868 3644 quod
889 3574 968 3627 idem
986 3574 1135 3627 Walterus
1153 3571 1281 3626 fideliter
1299 3577 1330 3626 et
1349 3572 1417 3626 sinc

361 3656 428 3710 dolo
458 3666 557 3712 noster
583 3658 622 3713 sit
658 3658 787 3712 creditor
821 3657 858 3711 de
884 3657 1016 3727 quolibet
1044 3673 1153 3727 genere
1181 3655 1309 3726 piscium
1340 3654 1416 3708 dum

362 3741 477 3803 vixerit,
492 3753 521 3795 et
539 3748 617 3796 ornat
630 3741 667 3794 ad
680 3759 753 3811 opus
771 3748 904 3795 nostrum
917 3740 1079 3794 secundum
1090 3741 1214 3793 sormam
1232 3737 1417 3809 cyrographi

361 3823 439 3877 inter
456 3841 508 3879 nos
527 3832 557 3878 ct
574 3826 670 3894 ipsum
683 3842 773 3895 super
790 3825 848 3877 hiis
867 3824 981 3893 plenius
994 3823 1127 3886 consecti,
1141 3828 1172 3875 et
1189 3821 1267 3891 quod
1278 3822 1416 3891 plenarie

365 3914 462 3960 teneat
491 3914 522 3961 et
551 3907 694 3977 compleat
717 3924 816 3961 omnes
847 3906 1028 3960 conditiones
1059 3912 1090 3959 et
1120 3905 1229 3958 formas
1266 3905 1298 3957 in
1328 3904 1413 3960 dicto

364 3991 547 4061 cyrographo
573 3996 732 4044 contentas.
770 3990 809 4044 Et
834 3991 860 4044 si
887 3991 1039 4059 contingat
1065 3989 1166 4058 aliquo
1188 4005 1259 4042 casu
1287 3989 1415 4044 fortuito

367 4090 419 4127 seu
445 4073 624 4135 infirmitate,
643 4072 722 4143 quod
746 4073 831 4136 absit,
858 4074 957 4142 ipsum
976 4091 1034 4125 non
1051 4089 1137 4142 posse
1167 4071 1352 4126 conditiones
1383 4077 1416 4128 et

367 4158 570 4210 conventiones
588 4156 619 4209 in
639 4155 781 4225 praedicto
800 4156 983 4225 cyrographo
1000 4162 1150 4210 contentas
1161 4155 1303 4226 plenarie,
1322 4161 1416 4225 prout

366 4254 541 4293 conventum
567 4246 622 4301 est,
649 4239 782 4308 implere,
811 4239 913 4293 licebit
936 4238 1020 4293 nobis
1044 4246 1149 4293 extunc
1175 4256 1244 4292 cum
1273 4239 1415 4294 omnibus

367 4323 552 4391 pertinentiis
583 4323 644 4376 suis
674 4323 824 4386 rehabere,
855 4323 1008 4386 reintrare,
1040 4327 1070 4375 et
1098 4323 1129 4376 in
1158 4339 1263 4376 manus
1293 4330 1415 4379 nostras

366 4421 515 4458 resumere
533 4405 643 4475 absque
661 4406 740 4458 omni
758 4405 983 4460 contradictione
1008 4412 1039 4460 et
1059 4406 1137 4476 juris
1155 4405 1262 4459 clamio
1288 4405 1338 4460 sui
1358 4425 1416 4462 seu

363 4485 488 4556 alicujus
505 4504 541 4541 ex
558 4498 640 4557 parte
658 4505 720 4542 sua

456 4702 1307 4770 'lnthemarginhereisinoertedinalaoerhandliudloess
