<?xml version="1.0" encoding="UTF-8"?>
<!DOCTYPE html PUBLIC "-//W3C//DTD XHTML 1.0 Transitional//EN"
    "http://www.w3.org/TR/xhtml1/DTD/xhtml1-transitional.dtd">
<html xmlns="http://www.w3.org/1999/xhtml" xml:lang="en" lang="en">
 <head>
  <title>
</title>
<meta http-equiv="Content-Type" content="text/html;charset=utf-8" />
  <meta name='ocr-system' content='tesseract 3.04.00' />
  <meta name='ocr-capabilities' content='ocr_page ocr_carea ocr_par ocr_line ocrx_word'/>
</head>
<body>
  <div class='ocr_page' id='page_1' title='image "./historiaetcartu02monagoog_0061.png"; bbox 0 0 3218 5640; ppageno 0'>
   <div class='ocr_carea' id='block_1_1' title="bbox 355 756 1126 825">
    <p class='ocr_par' dir='ltr' id='par_1_1' title="bbox 355 756 1126 825">
     <span class='ocr_line' id='line_1_1' title="bbox 355 756 1126 825; baseline 0.008 -8"><span class='ocrx_word' id='word_1_1' title='bbox 355 756 397 817; x_wconf 74' lang='lat'><strong>40</strong></span> <span class='ocrx_word' id='word_1_2' title='bbox 645 771 893 820; x_wconf 76' lang='lat' dir='ltr'><strong>csa&#39;rumanut</strong></span> <span class='ocrx_word' id='word_1_3' title='bbox 916 775 1126 825; x_wconf 78' lang='lat' dir='ltr'><strong>nounsraau</strong></span> 
     </span>
    </p>
   </div>
   <div class='ocr_carea' id='block_1_2' title="bbox 357 938 1410 1104">
    <p class='ocr_par' dir='ltr' id='par_1_2' title="bbox 357 938 1410 1104">
     <span class='ocr_line' id='line_1_2' title="bbox 357 938 1409 1020; baseline 0.01 -26"><span class='ocrx_word' id='word_1_4' title='bbox 357 943 463 1012; x_wconf 79' lang='lat' dir='ltr'><strong>graphi</strong></span> <span class='ocrx_word' id='word_1_5' title='bbox 489 944 652 999; x_wconf 85' lang='lat' dir='ltr'><strong>consectum</strong></span> <span class='ocrx_word' id='word_1_6' title='bbox 675 952 730 1010; x_wconf 86' lang='lat' dir='ltr'><strong>est,</strong></span> <span class='ocrx_word' id='word_1_7' title='bbox 751 947 835 1018; x_wconf 84' lang='lat' dir='ltr'><strong>eujus</strong></span> <span class='ocrx_word' id='word_1_8' title='bbox 861 938 947 1003; x_wconf 71' lang='lat' dir='ltr'><strong>sinain</strong></span> <span class='ocrx_word' id='word_1_9' title='bbox 974 957 1085 1020; x_wconf 81' lang='lat' dir='ltr'><strong>partem</strong></span> <span class='ocrx_word' id='word_1_10' title='bbox 1111 949 1211 1019; x_wconf 79' lang='lat' dir='ltr'><strong>sigillo</strong></span> <span class='ocrx_word' id='word_1_11' title='bbox 1229 951 1323 1020; x_wconf 82' lang='lat' dir='ltr'><strong>ipsius</strong></span> <span class='ocrx_word' id='word_1_12' title='bbox 1343 947 1409 1020; x_wconf 85' lang='lat' dir='ltr'><strong>[Jo·</strong></span> 
     </span>
     <span class='ocr_line' id='line_1_3' title="bbox 357 1023 1410 1104; baseline 0.008 -26"><span class='ocrx_word' id='word_1_13' title='bbox 357 1023 475 1095; x_wconf 80' lang='lat' dir='ltr'><strong>hannis]</strong></span> <span class='ocrx_word' id='word_1_14' title='bbox 490 1026 654 1082; x_wconf 77' lang='lat' dir='ltr'><strong>roboratam</strong></span> <span class='ocrx_word' id='word_1_15' title='bbox 672 1047 761 1099; x_wconf 89' lang='lat' dir='ltr'><strong>penes</strong></span> <span class='ocrx_word' id='word_1_16' title='bbox 780 1049 832 1086; x_wconf 87' lang='lat' dir='ltr'><strong>nos</strong></span> <span class='ocrx_word' id='word_1_17' title='bbox 859 1033 1043 1096; x_wconf 80' lang='lat' dir='ltr'><strong>retinuimus,</strong></span> <span class='ocrx_word' id='word_1_18' title='bbox 1065 1033 1187 1088; x_wconf 85' lang='lat' dir='ltr'><strong>alteram</strong></span> <span class='ocrx_word' id='word_1_19' title='bbox 1205 1051 1276 1088; x_wconf 84' lang='lat' dir='ltr'><strong>vero</strong></span> <span class='ocrx_word' id='word_1_20' title='bbox 1294 1041 1410 1104; x_wconf 71' lang='lat' dir='ltr'><strong>partem</strong></span> 
     </span>
    </p>
   </div>
   <div class='ocr_carea' id='block_1_3' title="bbox 358 1109 1409 1249">
    <p class='ocr_par' dir='ltr' id='par_1_3' title="bbox 358 1109 1409 1249">
     <span class='ocr_line' id='line_1_4' title="bbox 358 1109 1409 1247; baseline 0.01 -85"><span class='ocrx_word' id='word_1_21' title='bbox 358 1109 457 1247; x_wconf 54' lang='lat' dir='ltr'><strong>sigillo</strong></span> <span class='ocrx_word' id='word_1_22' title='bbox 475 1110 605 1166; x_wconf 75' lang='lat' dir='ltr'><strong>ecclesius</strong></span> <span class='ocrx_word' id='word_1_23' title='bbox 623 1119 729 1169; x_wconf 72' lang='lat' dir='ltr'><strong>nostras</strong></span> <span class='ocrx_word' id='word_1_24' title='bbox 748 1116 899 1181; x_wconf 79' lang='lat' dir='ltr'><strong>munitam,</strong></span> <span class='ocrx_word' id='word_1_25' title='bbox 920 1116 1014 1171; x_wconf 88' lang='lat' dir='ltr'><strong>cidem</strong></span> <span class='ocrx_word' id='word_1_26' title='bbox 1033 1116 1216 1173; x_wconf 80' lang='lat' dir='ltr'><strong>tradidimus.</strong></span> <span class='ocrx_word' id='word_1_27' title='bbox 1262 1117 1331 1174; x_wconf 87' lang='lat' dir='ltr'><strong>Hiis</strong></span> <span class='ocrx_word' id='word_1_28' title='bbox 1349 1124 1409 1173; x_wconf 82' lang='lat' dir='ltr'><strong>tes·</strong></span> 
     </span>
     <span class='ocr_line' id='line_1_5' title="bbox 359 1193 446 1249; baseline -0.011 -1"><span class='ocrx_word' id='word_1_29' title='bbox 359 1193 380 1248; x_wconf 86' lang='lat' dir='ltr'><strong>ti</strong></span> <span class='ocrx_word' id='word_1_30' title='bbox 404 1212 446 1249; x_wconf 88' lang='lat' dir='ltr'><strong>us.</strong></span> 
     </span>
    </p>
   </div>
   <div class='ocr_carea' id='block_1_4' title="bbox 375 1454 1392 1646">
    <p class='ocr_par' dir='ltr' id='par_1_4' title="bbox 375 1454 1392 1646">
     <span class='ocr_line' id='line_1_6' title="bbox 375 1454 1392 1623; baseline 0.004 -102"><span class='ocrx_word' id='word_1_31' title='bbox 375 1454 698 1523; x_wconf 78' lang='lat' dir='ltr'>CCOCLXXXVII.</span> <span class='ocrx_word' id='word_1_32' title='bbox 733 1456 955 1623; x_wconf 42' lang='lat' dir='ltr'><strong>Oonyifrpmlie</strong></span> <span class='ocrx_word' id='word_1_33' title='bbox 970 1457 1109 1525; x_wconf 67' lang='lat' dir='ltr'><strong>archaice</strong></span> <span class='ocrx_word' id='word_1_34' title='bbox 1132 1458 1172 1525; x_wconf 78' lang='lat' dir='ltr'><strong>de</strong></span> <span class='ocrx_word' id='word_1_35' title='bbox 1194 1456 1392 1525; x_wconf 65' lang='lat' dir='ltr'><strong>Nor-cluam</strong></span> 
     </span>
     <span class='ocr_line' id='line_1_7' title="bbox 760 1560 1005 1646; baseline 0.004 -22"><span class='ocrx_word' id='word_1_36' title='bbox 760 1561 803 1644; x_wconf 85' lang='lat' dir='ltr'><strong>[ct</strong></span> <span class='ocrx_word' id='word_1_37' title='bbox 826 1581 848 1624; x_wconf 80' lang='lat' dir='ltr'><strong>a</strong></span> <span class='ocrx_word' id='word_1_38' title='bbox 866 1560 1005 1646; x_wconf 64' lang='lat' dir='ltr'><strong>ieiuna}</strong></span> 
     </span>
    </p>
   </div>
   <div class='ocr_carea' id='block_1_5' title="bbox 193 1716 1410 1875">
    <p class='ocr_par' dir='ltr' id='par_1_5' title="bbox 193 1716 1410 1875">
     <span class='ocr_line' id='line_1_8' title="bbox 195 1716 1408 1790; baseline 0.008 -25"><span class='ocrx_word' id='word_1_39' title='bbox 195 1716 263 1768; x_wconf 84' lang='lat' dir='ltr'><strong>A.D.</strong></span> <span class='ocrx_word' id='word_1_40' title='bbox 280 1722 349 1775; x_wconf 75' lang='lat'><strong>1215,</strong></span> <span class='ocrx_word' id='word_1_41' title='bbox 395 1718 546 1773; x_wconf 85' lang='lat' dir='ltr'><strong>Universis</strong></span> <span class='ocrx_word' id='word_1_42' title='bbox 575 1720 688 1774; x_wconf 82' lang='lat' dir='ltr'><strong>Sanetae</strong></span> <span class='ocrx_word' id='word_1_43' title='bbox 714 1718 819 1772; x_wconf 85' lang='lat' dir='ltr'><strong>Matris</strong></span> <span class='ocrx_word' id='word_1_44' title='bbox 847 1718 987 1774; x_wconf 75' lang='lat' dir='ltr'><strong>Ecclesiae</strong></span> <span class='ocrx_word' id='word_1_45' title='bbox 1015 1720 1084 1775; x_wconf 86' lang='lat' dir='ltr'><strong>filiis</strong></span> <span class='ocrx_word' id='word_1_46' title='bbox 1116 1719 1153 1773; x_wconf 82' lang='lat' dir='ltr'><strong>ud</strong></span> <span class='ocrx_word' id='word_1_47' title='bbox 1179 1737 1251 1790; x_wconf 87' lang='lat' dir='ltr'><strong>ques</strong></span> <span class='ocrx_word' id='word_1_48' title='bbox 1276 1738 1408 1790; x_wconf 70' lang='lat' dir='ltr'><strong>praescus</strong></span> 
     </span>
     <span class='ocr_line' id='line_1_9' title="bbox 193 1784 1410 1875; baseline 0.003 -20"><span class='ocrx_word' id='word_1_49' title='bbox 193 1784 309 1835; x_wconf 58' lang='grc' dir='ltr'><strong>ΝΜΟ·</strong></span> <span class='ocrx_word' id='word_1_50' title='bbox 361 1802 503 1873; x_wconf 88' lang='lat' dir='ltr'><strong>scriptum</strong></span> <span class='ocrx_word' id='word_1_51' title='bbox 529 1803 704 1873; x_wconf 81' lang='lat' dir='ltr'><strong>pervenerit,</strong></span> <span class='ocrx_word' id='word_1_52' title='bbox 725 1802 882 1867; x_wconf 87' lang='lat' dir='ltr'><strong>Walterus,</strong></span> <span class='ocrx_word' id='word_1_53' title='bbox 908 1803 964 1857; x_wconf 88' lang='lat' dir='ltr'><strong>Dei</strong></span> <span class='ocrx_word' id='word_1_54' title='bbox 988 1803 1084 1874; x_wconf 81' lang='lat' dir='ltr'><strong>gratia</strong></span> <span class='ocrx_word' id='word_1_55' title='bbox 1101 1804 1324 1875; x_wconf 83' lang='lat' dir='ltr'><strong>Wygorniensis</strong></span> <span class='ocrx_word' id='word_1_56' title='bbox 1348 1805 1410 1875; x_wconf 90' lang='lat' dir='ltr'><strong>epi·</strong></span> 
     </span>
    </p>
   </div>
   <div class='ocr_carea' id='block_1_6' title="bbox 196 1863 334 1914">
    <p class='ocr_par' dir='ltr' id='par_1_6' title="bbox 196 1863 334 1914">
     <span class='ocr_line' id='line_1_10' title="bbox 196 1863 334 1914; baseline 0.007 -1"><span class='ocrx_word' id='word_1_57' title='bbox 196 1863 235 1913; x_wconf 86' lang='lat' dir='ltr'><strong>Of</strong></span> <span class='ocrx_word' id='word_1_58' title='bbox 241 1863 334 1914; x_wconf 81' lang='lat' dir='ltr'><strong>North·</strong></span> 
     </span>
    </p>
   </div>
   <div class='ocr_carea' id='block_1_7' title="bbox 192 1930 1409 2049">
    <p class='ocr_par' dir='ltr' id='par_1_7' title="bbox 192 1930 1409 2049">
     <span class='ocr_line' id='line_1_11' title="bbox 192 1930 1409 2049; baseline 0.002 -24"><span class='ocrx_word' id='word_1_59' title='bbox 192 1930 288 2046; x_wconf 48' lang='grc' dir='ltr'><strong>Ἠῶ</strong></span> <span class='ocrx_word' id='word_1_60' title='bbox 299 2005 349 2049; x_wconf 83' lang='lat' dir='ltr'><strong>and</strong></span> <span class='ocrx_word' id='word_1_61' title='bbox 394 1970 443 2025; x_wconf 87' lang='lat' dir='ltr'><strong>Ad</strong></span> <span class='ocrx_word' id='word_1_62' title='bbox 460 1971 593 2026; x_wconf 84' lang='lat' dir='ltr'><strong>notitiam</strong></span> <span class='ocrx_word' id='word_1_63' title='bbox 607 1977 735 2025; x_wconf 87' lang='lat' dir='ltr'><strong>vestram</strong></span> <span class='ocrx_word' id='word_1_64' title='bbox 753 1971 888 2026; x_wconf 80' lang='lat' dir='ltr'><strong>volumus</strong></span> <span class='ocrx_word' id='word_1_65' title='bbox 907 1972 1069 2042; x_wconf 80' lang='lat' dir='ltr'><strong>pervenire,</strong></span> <span class='ocrx_word' id='word_1_66' title='bbox 1089 1991 1142 2027; x_wconf 88' lang='lat' dir='ltr'><strong>nos</strong></span> <span class='ocrx_word' id='word_1_67' title='bbox 1160 1978 1269 2027; x_wconf 86' lang='lat' dir='ltr'><strong>cartam</strong></span> <span class='ocrx_word' id='word_1_68' title='bbox 1289 1990 1409 2027; x_wconf 87' lang='lat' dir='ltr'><strong>venera·</strong></span> 
     </span>
    </p>
   </div>
   <div class='ocr_carea' id='block_1_8' title="bbox 191 2053 1410 4143">
    <p class='ocr_par' dir='ltr' id='par_1_8' title="bbox 193 2053 1409 2210">
     <span class='ocr_line' id='line_1_12' title="bbox 193 2053 1409 2128; baseline 0.005 -22"><span class='ocrx_word' id='word_1_69' title='bbox 193 2062 284 2116; x_wconf 62' lang='lat' dir='ltr'><strong>others</strong></span> <span class='ocrx_word' id='word_1_70' title='bbox 359 2054 427 2109; x_wconf 88' lang='lat' dir='ltr'><strong>bilis</strong></span> <span class='ocrx_word' id='word_1_71' title='bbox 451 2053 674 2126; x_wconf 68' lang='lat' dir='ltr'><strong>praedecessoris</strong></span> <span class='ocrx_word' id='word_1_72' title='bbox 701 2054 792 2108; x_wconf 85' lang='lat' dir='ltr'><strong>nostri</strong></span> <span class='ocrx_word' id='word_1_73' title='bbox 820 2055 987 2125; x_wconf 82' lang='lat' dir='ltr'><strong>Sampsonis</strong></span> <span class='ocrx_word' id='word_1_74' title='bbox 1014 2055 1159 2126; x_wconf 89' lang='lat' dir='ltr'><strong>quondam</strong></span> <span class='ocrx_word' id='word_1_75' title='bbox 1184 2056 1409 2128; x_wconf 81' lang='lat' dir='ltr'><strong>Wygorniensis</strong></span> 
     </span>
     <span class='ocr_line' id='line_1_13' title="bbox 359 2138 1182 2210; baseline 0.001 -18"><span class='ocrx_word' id='word_1_76' title='bbox 359 2138 488 2210; x_wconf 80' lang='lat' dir='ltr'><strong>episcopi</strong></span> <span class='ocrx_word' id='word_1_77' title='bbox 507 2138 677 2209; x_wconf 85' lang='lat' dir='ltr'><strong>inspexisse,</strong></span> <span class='ocrx_word' id='word_1_78' title='bbox 697 2138 892 2193; x_wconf 89' lang='lat' dir='ltr'><strong>continentem</strong></span> <span class='ocrx_word' id='word_1_79' title='bbox 909 2139 983 2194; x_wconf 86' lang='lat' dir='ltr'><strong>hanc</strong></span> <span class='ocrx_word' id='word_1_80' title='bbox 1003 2141 1125 2193; x_wconf 89' lang='lat' dir='ltr'><strong>sormam</strong></span> <span class='ocrx_word' id='word_1_81' title='bbox 1137 2163 1182 2193; x_wconf 89' lang='lat'><strong>:--</strong></span> 
     </span>
    </p>

    <p class='ocr_par' dir='ltr' id='par_1_9' title="bbox 192 2221 1409 2294">
     <span class='ocr_line' id='line_1_14' title="bbox 192 2221 1409 2294; baseline 0.005 -21"><span class='ocrx_word' id='word_1_82' title='bbox 192 2223 260 2274; x_wconf 78' lang='lat' dir='ltr'><strong>An.</strong></span> <span class='ocrx_word' id='word_1_83' title='bbox 276 2228 347 2286; x_wconf 78' lang='lat'><strong>1100,</strong></span> <span class='ocrx_word' id='word_1_84' title='bbox 394 2222 546 2278; x_wconf 82' lang='lat' dir='ltr'><strong>Universis</strong></span> <span class='ocrx_word' id='word_1_85' title='bbox 573 2222 687 2277; x_wconf 76' lang='lat' dir='ltr'><strong>Sancta&gt;</strong></span> <span class='ocrx_word' id='word_1_86' title='bbox 716 2221 821 2276; x_wconf 86' lang='lat' dir='ltr'><strong>Matris</strong></span> <span class='ocrx_word' id='word_1_87' title='bbox 851 2222 991 2277; x_wconf 68' lang='lat' dir='ltr'><strong>Ecclesiae</strong></span> <span class='ocrx_word' id='word_1_88' title='bbox 1021 2223 1090 2279; x_wconf 87' lang='lat' dir='ltr'><strong>filiis</strong></span> <span class='ocrx_word' id='word_1_89' title='bbox 1118 2223 1155 2277; x_wconf 82' lang='lat' dir='ltr'><strong>ad</strong></span> <span class='ocrx_word' id='word_1_90' title='bbox 1180 2241 1252 2294; x_wconf 91' lang='lat' dir='ltr'><strong>quos</strong></span> <span class='ocrx_word' id='word_1_91' title='bbox 1278 2241 1409 2294; x_wconf 84' lang='lat' dir='ltr'><strong>praesens</strong></span> 
     </span>
    </p>

    <p class='ocr_par' dir='ltr' id='par_1_10' title="bbox 192 2291 1410 2379">
     <span class='ocr_line' id='line_1_15' title="bbox 192 2291 1410 2379; baseline 0.001 -18"><span class='ocrx_word' id='word_1_92' title='bbox 192 2291 256 2356; x_wconf 70' lang='lat'><strong>‘¹⁰¹5</strong></span> <span class='ocrx_word' id='word_1_93' title='bbox 267 2296 307 2341; x_wconf 77' lang='lat'><strong>²³·</strong></span> <span class='ocrx_word' id='word_1_94' title='bbox 359 2307 500 2378; x_wconf 84' lang='lat' dir='ltr'><strong>scriptum</strong></span> <span class='ocrx_word' id='word_1_95' title='bbox 521 2307 696 2378; x_wconf 84' lang='lat' dir='ltr'><strong>pervenerit,</strong></span> <span class='ocrx_word' id='word_1_96' title='bbox 723 2306 873 2376; x_wconf 80' lang='lat' dir='ltr'><strong>Sampson,</strong></span> <span class='ocrx_word' id='word_1_97' title='bbox 900 2305 955 2360; x_wconf 91' lang='lat' dir='ltr'><strong>Dei</strong></span> <span class='ocrx_word' id='word_1_98' title='bbox 982 2307 1078 2376; x_wconf 86' lang='lat' dir='ltr'><strong>gratia</strong></span> <span class='ocrx_word' id='word_1_99' title='bbox 1104 2307 1327 2379; x_wconf 81' lang='lat' dir='ltr'><strong>Wygorniensis</strong></span> <span class='ocrx_word' id='word_1_100' title='bbox 1348 2309 1410 2379; x_wconf 89' lang='lat' dir='ltr'><strong>cpi·</strong></span> 
     </span>
    </p>

    <p class='ocr_par' dir='ltr' id='par_1_11' title="bbox 193 2373 814 2462">
     <span class='ocr_line' id='line_1_16' title="bbox 193 2373 814 2462; baseline -0.005 -16"><span class='ocrx_word' id='word_1_101' title='bbox 193 2373 281 2425; x_wconf 67' lang='lat' dir='ltr'><strong>Ostha</strong></span> <span class='ocrx_word' id='word_1_102' title='bbox 358 2408 472 2462; x_wconf 87' lang='lat' dir='ltr'><strong>scopus,</strong></span> <span class='ocrx_word' id='word_1_103' title='bbox 492 2391 615 2445; x_wconf 76' lang='lat' dir='ltr'><strong>salutem</strong></span> <span class='ocrx_word' id='word_1_104' title='bbox 633 2391 664 2444; x_wconf 90' lang='lat' dir='ltr'><strong>in</strong></span> <span class='ocrx_word' id='word_1_105' title='bbox 682 2389 814 2444; x_wconf 91' lang='lat' dir='ltr'><strong>Domino.</strong></span> 
     </span>
    </p>

    <p class='ocr_par' dir='ltr' id='par_1_12' title="bbox 191 2453 1410 3118">
     <span class='ocr_line' id='line_1_17' title="bbox 191 2453 1409 2538; baseline 0 -9"><span class='ocrx_word' id='word_1_106' title='bbox 191 2453 267 2491; x_wconf 59' lang='lat' dir='ltr'><strong>&#39;me&#39;</strong></span> <span class='ocrx_word' id='word_1_107' title='bbox 393 2474 517 2529; x_wconf 83' lang='lat' dir='ltr'><strong>Noverit</strong></span> <span class='ocrx_word' id='word_1_108' title='bbox 543 2473 719 2528; x_wconf 80' lang='lat' dir='ltr'><strong>universitas</strong></span> <span class='ocrx_word' id='word_1_109' title='bbox 747 2482 845 2529; x_wconf 87' lang='lat' dir='ltr'><strong>vestra</strong></span> <span class='ocrx_word' id='word_1_110' title='bbox 861 2492 924 2538; x_wconf 86' lang='lat' dir='ltr'><strong>nos,</strong></span> <span class='ocrx_word' id='word_1_111' title='bbox 944 2492 1002 2528; x_wconf 90' lang='lat' dir='ltr'><strong>una</strong></span> <span class='ocrx_word' id='word_1_112' title='bbox 1028 2493 1096 2529; x_wconf 89' lang='lat' dir='ltr'><strong>cum</strong></span> <span class='ocrx_word' id='word_1_113' title='bbox 1114 2474 1331 2529; x_wconf 88' lang='lat' dir='ltr'><strong>venerabilibus</strong></span> <span class='ocrx_word' id='word_1_114' title='bbox 1351 2475 1409 2529; x_wconf 81' lang='lat' dir='ltr'><strong>fra·</strong></span> 
     </span>
     <span class='ocr_line' id='line_1_18' title="bbox 357 2555 1408 2623; baseline -0.001 -9"><span class='ocrx_word' id='word_1_115' title='bbox 357 2559 451 2614; x_wconf 86' lang='lat' dir='ltr'><strong>tribus</strong></span> <span class='ocrx_word' id='word_1_116' title='bbox 463 2559 571 2612; x_wconf 88' lang='lat' dir='ltr'><strong>nostris</strong></span> <span class='ocrx_word' id='word_1_117' title='bbox 584 2557 709 2611; x_wconf 89' lang='lat' dir='ltr'><strong>dominis</strong></span> <span class='ocrx_word' id='word_1_118' title='bbox 722 2555 870 2611; x_wconf 81' lang='lat' dir='ltr'><strong>Gundulso</strong></span> <span class='ocrx_word' id='word_1_119' title='bbox 887 2558 1024 2621; x_wconf 79' lang='lat' dir='ltr'><strong>Rofl&#39;ensi,</strong></span> <span class='ocrx_word' id='word_1_120' title='bbox 1040 2557 1170 2612; x_wconf 75' lang='lat' dir='ltr'><strong>Gerunda</strong></span> <span class='ocrx_word' id='word_1_121' title='bbox 1185 2557 1408 2623; x_wconf 86' lang='lat' dir='ltr'><strong>Herelordensi,</strong></span> 
     </span>
     <span class='ocr_line' id='line_1_19' title="bbox 357 2640 1409 2712; baseline -0.001 -14"><span class='ocrx_word' id='word_1_122' title='bbox 357 2653 387 2698; x_wconf 87' lang='lat' dir='ltr'><strong>ct</strong></span> <span class='ocrx_word' id='word_1_123' title='bbox 410 2642 528 2696; x_wconf 86' lang='lat' dir='ltr'><strong>Hervec</strong></span> <span class='ocrx_word' id='word_1_124' title='bbox 555 2641 764 2711; x_wconf 86' lang='lat' dir='ltr'><strong>Bangornensi,</strong></span> <span class='ocrx_word' id='word_1_125' title='bbox 792 2640 979 2712; x_wconf 81' lang='lat' dir='ltr'><strong>coepiscopis,</strong></span> <span class='ocrx_word' id='word_1_126' title='bbox 1006 2660 1080 2695; x_wconf 91' lang='lat' dir='ltr'><strong>anno</strong></span> <span class='ocrx_word' id='word_1_127' title='bbox 1105 2642 1223 2696; x_wconf 88' lang='lat' dir='ltr'><strong>Domini</strong></span> <span class='ocrx_word' id='word_1_128' title='bbox 1249 2641 1409 2697; x_wconf 89' lang='lat' dir='ltr'><strong>millesimo</strong></span> 
     </span>
     <span class='ocr_line' id='line_1_20' title="bbox 356 2724 1410 2796; baseline -0.001 -15"><span class='ocrx_word' id='word_1_129' title='bbox 356 2726 524 2788; x_wconf 85' lang='lat' dir='ltr'><strong>centesimo,</strong></span> <span class='ocrx_word' id='word_1_130' title='bbox 544 2730 610 2778; x_wconf 87' lang='lat' dir='ltr'><strong>ante</strong></span> <span class='ocrx_word' id='word_1_131' title='bbox 623 2730 804 2788; x_wconf 85' lang='lat' dir='ltr'><strong>autumnum,</strong></span> <span class='ocrx_word' id='word_1_132' title='bbox 820 2724 917 2779; x_wconf 90' lang='lat' dir='ltr'><strong>idibus</strong></span> <span class='ocrx_word' id='word_1_133' title='bbox 937 2724 1030 2789; x_wconf 84' lang='lat' dir='ltr'><strong>Julii,¹</strong></span> <span class='ocrx_word' id='word_1_134' title='bbox 1050 2725 1202 2780; x_wconf 89' lang='lat' dir='ltr'><strong>ecclesiam</strong></span> <span class='ocrx_word' id='word_1_135' title='bbox 1221 2743 1310 2796; x_wconf 87' lang='lat' dir='ltr'><strong>quam</strong></span> <span class='ocrx_word' id='word_1_136' title='bbox 1321 2743 1410 2781; x_wconf 75' lang='lat' dir='ltr'><strong>verre·</strong></span> 
     </span>
     <span class='ocr_line' id='line_1_21' title="bbox 356 2807 1409 2865; baseline 0 -1"><span class='ocrx_word' id='word_1_137' title='bbox 356 2809 458 2864; x_wconf 85' lang='lat' dir='ltr'><strong>rabilis</strong></span> <span class='ocrx_word' id='word_1_138' title='bbox 476 2809 564 2863; x_wconf 86' lang='lat' dir='ltr'><strong>abbas</strong></span> <span class='ocrx_word' id='word_1_139' title='bbox 584 2808 666 2863; x_wconf 86' lang='lat' dir='ltr'><strong>Serlo</strong></span> <span class='ocrx_word' id='word_1_140' title='bbox 684 2808 715 2863; x_wconf 91' lang='lat' dir='ltr'><strong>in</strong></span> <span class='ocrx_word' id='word_1_141' title='bbox 733 2808 804 2863; x_wconf 85' lang='lat' dir='ltr'><strong>villa</strong></span> <span class='ocrx_word' id='word_1_142' title='bbox 822 2807 986 2863; x_wconf 81' lang='lat' dir='ltr'><strong>Glavorniae</strong></span> <span class='ocrx_word' id='word_1_143' title='bbox 1005 2828 1023 2863; x_wconf 92' lang='lat' dir='ltr'><strong>a</strong></span> <span class='ocrx_word' id='word_1_144' title='bbox 1041 2808 1237 2864; x_wconf 73' lang='lat' dir='ltr'><strong>fundamentis</strong></span> <span class='ocrx_word' id='word_1_145' title='bbox 1255 2817 1409 2865; x_wconf 77' lang='lat' dir='ltr'><strong>cormtrux·</strong></span> 
     </span>
     <span class='ocr_line' id='line_1_22' title="bbox 356 2892 1410 2965; baseline 0.001 -17"><span class='ocrx_word' id='word_1_146' title='bbox 356 2900 429 2958; x_wconf 85' lang='lat' dir='ltr'><strong>crat,</strong></span> <span class='ocrx_word' id='word_1_147' title='bbox 450 2892 600 2947; x_wconf 81' lang='lat' dir='ltr'><strong>dedicasse</strong></span> <span class='ocrx_word' id='word_1_148' title='bbox 619 2898 649 2948; x_wconf 89' lang='lat' dir='ltr'><strong>et</strong></span> <span class='ocrx_word' id='word_1_149' title='bbox 667 2909 851 2948; x_wconf 83' lang='lat' dir='ltr'><strong>consecrasse</strong></span> <span class='ocrx_word' id='word_1_150' title='bbox 864 2892 1014 2948; x_wconf 90' lang='lat' dir='ltr'><strong>inhonore</strong></span> <span class='ocrx_word' id='word_1_151' title='bbox 1027 2893 1185 2948; x_wconf 89' lang='lat' dir='ltr'><strong>Beatorum</strong></span> <span class='ocrx_word' id='word_1_152' title='bbox 1196 2892 1410 2965; x_wconf 88' lang='lat' dir='ltr'><strong>Apostolorum</strong></span> 
     </span>
     <span class='ocr_line' id='line_1_23' title="bbox 356 2975 1410 3048; baseline 0.004 -17"><span class='ocrx_word' id='word_1_153' title='bbox 356 2977 438 3033; x_wconf 86' lang='lat' dir='ltr'><strong>Petri</strong></span> <span class='ocrx_word' id='word_1_154' title='bbox 456 2983 487 3032; x_wconf 89' lang='lat' dir='ltr'><strong>et</strong></span> <span class='ocrx_word' id='word_1_155' title='bbox 504 2976 599 3041; x_wconf 89' lang='lat' dir='ltr'><strong>Pauli,</strong></span> <span class='ocrx_word' id='word_1_156' title='bbox 619 2994 686 3031; x_wconf 91' lang='lat' dir='ltr'><strong>cum</strong></span> <span class='ocrx_word' id='word_1_157' title='bbox 704 2976 865 3031; x_wconf 89' lang='lat' dir='ltr'><strong>multorum</strong></span> <span class='ocrx_word' id='word_1_158' title='bbox 884 2975 1055 3047; x_wconf 89' lang='lat' dir='ltr'><strong>populorum</strong></span> <span class='ocrx_word' id='word_1_159' title='bbox 1078 2977 1244 3048; x_wconf 84' lang='lat' dir='ltr'><strong>frequentia</strong></span> <span class='ocrx_word' id='word_1_160' title='bbox 1267 2984 1297 3033; x_wconf 89' lang='lat' dir='ltr'><strong>et</strong></span> <span class='ocrx_word' id='word_1_161' title='bbox 1320 2978 1410 3035; x_wconf 78' lang='lat' dir='ltr'><strong>dero·</strong></span> 
     </span>
     <span class='ocr_line' id='line_1_24' title="bbox 356 3063 443 3118; baseline -0.023 0"><span class='ocrx_word' id='word_1_162' title='bbox 356 3063 443 3118; x_wconf 89' lang='lat' dir='ltr'><strong>tione.</strong></span> 
     </span>
    </p>

    <p class='ocr_par' dir='ltr' id='par_1_13' title="bbox 354 3145 1409 4143">
     <span class='ocr_line' id='line_1_25' title="bbox 392 3145 1408 3220; baseline 0.004 -19"><span class='ocrx_word' id='word_1_163' title='bbox 392 3146 432 3201; x_wconf 81' lang='lat' dir='ltr'><strong>Et</strong></span> <span class='ocrx_word' id='word_1_164' title='bbox 458 3146 528 3217; x_wconf 89' lang='lat' dir='ltr'><strong>quia</strong></span> <span class='ocrx_word' id='word_1_165' title='bbox 556 3145 719 3201; x_wconf 79' lang='lat' dir='ltr'><strong>invenimus</strong></span> <span class='ocrx_word' id='word_1_166' title='bbox 744 3146 898 3217; x_wconf 81' lang='lat' dir='ltr'><strong>praefatum</strong></span> <span class='ocrx_word' id='word_1_167' title='bbox 923 3146 1073 3202; x_wconf 82' lang='lat' dir='ltr'><strong>Serloncm</strong></span> <span class='ocrx_word' id='word_1_168' title='bbox 1096 3147 1230 3202; x_wconf 79' lang='lat' dir='ltr'><strong>abbatem</strong></span> <span class='ocrx_word' id='word_1_169' title='bbox 1248 3147 1408 3220; x_wconf 85' lang='lat' dir='ltr'><strong>plusquam</strong></span> 
     </span>
     <span class='ocr_line' id='line_1_26' title="bbox 356 3229 1409 3301; baseline 0.003 -15"><span class='ocrx_word' id='word_1_170' title='bbox 356 3230 508 3301; x_wconf 83' lang='lat' dir='ltr'><strong>sexaginta</strong></span> <span class='ocrx_word' id='word_1_171' title='bbox 532 3230 637 3285; x_wconf 86' lang='lat' dir='ltr'><strong>fratres</strong></span> <span class='ocrx_word' id='word_1_172' title='bbox 667 3229 778 3284; x_wconf 86' lang='lat' dir='ltr'><strong>ordinis</strong></span> <span class='ocrx_word' id='word_1_173' title='bbox 803 3229 902 3284; x_wconf 82' lang='lat' dir='ltr'><strong>Sancti</strong></span> <span class='ocrx_word' id='word_1_174' title='bbox 929 3229 1082 3286; x_wconf 91' lang='lat' dir='ltr'><strong>Benedicti</strong></span> <span class='ocrx_word' id='word_1_175' title='bbox 1112 3232 1142 3285; x_wconf 90' lang='lat' dir='ltr'><strong>in</strong></span> <span class='ocrx_word' id='word_1_176' title='bbox 1171 3231 1249 3286; x_wconf 89' lang='lat' dir='ltr'><strong>dicto</strong></span> <span class='ocrx_word' id='word_1_177' title='bbox 1274 3233 1409 3289; x_wconf 86' lang='lat' dir='ltr'><strong>coenobie</strong></span> 
     </span>
     <span class='ocr_line' id='line_1_27' title="bbox 356 3313 1409 3385; baseline 0.003 -16"><span class='ocrx_word' id='word_1_178' title='bbox 356 3313 521 3369; x_wconf 79' lang='lat' dir='ltr'><strong>Gloverniae</strong></span> <span class='ocrx_word' id='word_1_179' title='bbox 533 3332 727 3385; x_wconf 82' lang='lat' dir='ltr'><strong>congregasse</strong></span> <span class='ocrx_word' id='word_1_180' title='bbox 746 3313 864 3369; x_wconf 85' lang='lat' dir='ltr'><strong>Christo</strong></span> <span class='ocrx_word' id='word_1_181' title='bbox 882 3319 1022 3384; x_wconf 86' lang='lat' dir='ltr'><strong>perpetuo</strong></span> <span class='ocrx_word' id='word_1_182' title='bbox 1041 3315 1211 3380; x_wconf 83' lang='lat' dir='ltr'><strong>servituros,</strong></span> <span class='ocrx_word' id='word_1_183' title='bbox 1232 3333 1285 3370; x_wconf 90' lang='lat' dir='ltr'><strong>nec</strong></span> <span class='ocrx_word' id='word_1_184' title='bbox 1298 3316 1409 3372; x_wconf 86' lang='lat' dir='ltr'><strong>habent</strong></span> 
     </span>
     <span class='ocr_line' id='line_1_28' title="bbox 355 3398 1408 3470; baseline 0.004 -18"><span class='ocrx_word' id='word_1_185' title='bbox 355 3398 467 3470; x_wconf 81' lang='lat' dir='ltr'><strong>praedia</strong></span> <span class='ocrx_word' id='word_1_186' title='bbox 495 3404 526 3453; x_wconf 89' lang='lat' dir='ltr'><strong>et</strong></span> <span class='ocrx_word' id='word_1_187' title='bbox 551 3398 750 3469; x_wconf 89' lang='lat' dir='ltr'><strong>possessiones</strong></span> <span class='ocrx_word' id='word_1_188' title='bbox 784 3398 860 3453; x_wconf 89' lang='lat' dir='ltr'><strong>unde</strong></span> <span class='ocrx_word' id='word_1_189' title='bbox 885 3403 1033 3453; x_wconf 90' lang='lat' dir='ltr'><strong>tantorum</strong></span> <span class='ocrx_word' id='word_1_190' title='bbox 1058 3399 1182 3453; x_wconf 81' lang='lat' dir='ltr'><strong>fratrum</strong></span> <span class='ocrx_word' id='word_1_191' title='bbox 1205 3417 1347 3456; x_wconf 83' lang='lat' dir='ltr'><strong>numerus</strong></span> <span class='ocrx_word' id='word_1_192' title='bbox 1365 3401 1408 3456; x_wconf 91' lang='lat' dir='ltr'><strong>ibi</strong></span> 
     </span>
     <span class='ocr_line' id='line_1_29' title="bbox 355 3482 1409 3553; baseline 0.003 -16"><span class='ocrx_word' id='word_1_193' title='bbox 355 3501 423 3537; x_wconf 90' lang='lat' dir='ltr'><strong>eum</strong></span> <span class='ocrx_word' id='word_1_194' title='bbox 440 3483 539 3538; x_wconf 86' lang='lat' dir='ltr'><strong>debito</strong></span> <span class='ocrx_word' id='word_1_195' title='bbox 557 3483 664 3538; x_wconf 88' lang='lat' dir='ltr'><strong>honoro</strong></span> <span class='ocrx_word' id='word_1_196' title='bbox 691 3489 790 3553; x_wconf 87' lang='lat' dir='ltr'><strong>posset</strong></span> <span class='ocrx_word' id='word_1_197' title='bbox 814 3483 981 3545; x_wconf 86' lang='lat' dir='ltr'><strong>sustentari,</strong></span> <span class='ocrx_word' id='word_1_198' title='bbox 1001 3500 1063 3547; x_wconf 89' lang='lat' dir='ltr'><strong>nos,</strong></span> <span class='ocrx_word' id='word_1_199' title='bbox 1083 3482 1188 3537; x_wconf 70' lang='lat' dir='ltr'><strong>divinas</strong></span> <span class='ocrx_word' id='word_1_200' title='bbox 1214 3484 1346 3540; x_wconf 86' lang='lat' dir='ltr'><strong>caritatis</strong></span> <span class='ocrx_word' id='word_1_201' title='bbox 1365 3487 1409 3541; x_wconf 90' lang='lat' dir='ltr'><strong>in·</strong></span> 
     </span>
     <span class='ocr_line' id='line_1_30' title="bbox 354 3565 1409 3640; baseline 0.003 -19"><span class='ocrx_word' id='word_1_202' title='bbox 354 3567 441 3632; x_wconf 83' lang='lat' dir='ltr'><strong>teitu,</strong></span> <span class='ocrx_word' id='word_1_203' title='bbox 462 3573 493 3622; x_wconf 88' lang='lat' dir='ltr'><strong>et</strong></span> <span class='ocrx_word' id='word_1_204' title='bbox 510 3567 547 3622; x_wconf 89' lang='lat' dir='ltr'><strong>ad</strong></span> <span class='ocrx_word' id='word_1_205' title='bbox 559 3567 765 3640; x_wconf 67' lang='lat' dir='ltr'><strong>praedictorum</strong></span> <span class='ocrx_word' id='word_1_206' title='bbox 783 3565 985 3637; x_wconf 88' lang='lat' dir='ltr'><strong>cpiscoporum</strong></span> <span class='ocrx_word' id='word_1_207' title='bbox 997 3573 1027 3621; x_wconf 91' lang='lat' dir='ltr'><strong>et</strong></span> <span class='ocrx_word' id='word_1_208' title='bbox 1039 3566 1076 3621; x_wconf 82' lang='lat' dir='ltr'><strong>ad</strong></span> <span class='ocrx_word' id='word_1_209' title='bbox 1087 3566 1245 3622; x_wconf 81' lang='lat' dir='ltr'><strong>multorum</strong></span> <span class='ocrx_word' id='word_1_210' title='bbox 1263 3568 1409 3625; x_wconf 84' lang='lat' dir='ltr'><strong>nobilium</strong></span> 
     </span>
     <span class='ocr_line' id='line_1_31' title="bbox 355 3649 1409 3722; baseline 0.003 -17"><span class='ocrx_word' id='word_1_211' title='bbox 355 3651 465 3706; x_wconf 89' lang='lat' dir='ltr'><strong>ibidem</strong></span> <span class='ocrx_word' id='word_1_212' title='bbox 482 3652 672 3722; x_wconf 73' lang='lat' dir='ltr'><strong>praesentium</strong></span> <span class='ocrx_word' id='word_1_213' title='bbox 694 3650 863 3706; x_wconf 89' lang='lat' dir='ltr'><strong>instantiam</strong></span> <span class='ocrx_word' id='word_1_214' title='bbox 888 3657 918 3705; x_wconf 90' lang='lat' dir='ltr'><strong>et</strong></span> <span class='ocrx_word' id='word_1_215' title='bbox 947 3649 1139 3714; x_wconf 86' lang='lat' dir='ltr'><strong>devotionem,</strong></span> <span class='ocrx_word' id='word_1_216' title='bbox 1161 3651 1359 3708; x_wconf 86' lang='lat' dir='ltr'><strong>concessimus</strong></span> <span class='ocrx_word' id='word_1_217' title='bbox 1377 3661 1409 3708; x_wconf 88' lang='lat' dir='ltr'><strong>et</strong></span> 
     </span>
     <span class='ocr_line' id='line_1_32' title="bbox 354 3733 1409 3807; baseline 0.004 -18"><span class='ocrx_word' id='word_1_218' title='bbox 354 3736 531 3795; x_wconf 85' lang='lat' dir='ltr'><strong>contulimus</strong></span> <span class='ocrx_word' id='word_1_219' title='bbox 549 3734 698 3807; x_wconf 78' lang='lat' dir='ltr'><strong>predictis</strong></span> <span class='ocrx_word' id='word_1_220' title='bbox 717 3735 814 3790; x_wconf 91' lang='lat' dir='ltr'><strong>abbati</strong></span> <span class='ocrx_word' id='word_1_221' title='bbox 842 3740 873 3789; x_wconf 89' lang='lat' dir='ltr'><strong>et</strong></span> <span class='ocrx_word' id='word_1_222' title='bbox 897 3733 1037 3789; x_wconf 85' lang='lat' dir='ltr'><strong>fratribus</strong></span> <span class='ocrx_word' id='word_1_223' title='bbox 1056 3734 1275 3791; x_wconf 80' lang='lat' dir='ltr'><strong>Gloverniensis</strong></span> <span class='ocrx_word' id='word_1_224' title='bbox 1293 3755 1409 3793; x_wconf 80' lang='lat' dir='ltr'><strong>monas·</strong></span> 
     </span>
     <span class='ocr_line' id='line_1_33' title="bbox 354 3817 1409 3882; baseline 0.004 -8"><span class='ocrx_word' id='word_1_225' title='bbox 354 3819 431 3882; x_wconf 91' lang='lat' dir='ltr'><strong>terii,</strong></span> <span class='ocrx_word' id='word_1_226' title='bbox 453 3826 602 3875; x_wconf 88' lang='lat' dir='ltr'><strong>eteorum</strong></span> <span class='ocrx_word' id='word_1_227' title='bbox 620 3818 845 3881; x_wconf 87' lang='lat' dir='ltr'><strong>successoribus,</strong></span> <span class='ocrx_word' id='word_1_228' title='bbox 871 3817 908 3872; x_wconf 89' lang='lat' dir='ltr'><strong>ad</strong></span> <span class='ocrx_word' id='word_1_229' title='bbox 931 3818 1090 3873; x_wconf 83' lang='lat' dir='ltr'><strong>eorundem</strong></span> <span class='ocrx_word' id='word_1_230' title='bbox 1109 3820 1350 3876; x_wconf 84' lang='lat' dir='ltr'><strong>sustentationem</strong></span> <span class='ocrx_word' id='word_1_231' title='bbox 1376 3827 1409 3878; x_wconf 84' lang='lat' dir='ltr'><strong>et</strong></span> 
     </span>
     <span class='ocr_line' id='line_1_34' title="bbox 354 3902 1408 3975; baseline 0.003 -16"><span class='ocrx_word' id='word_1_232' title='bbox 354 3904 559 3975; x_wconf 86' lang='lat' dir='ltr'><strong>hospitalitatis</strong></span> <span class='ocrx_word' id='word_1_233' title='bbox 594 3903 667 3958; x_wconf 86' lang='lat' dir='ltr'><strong>inibi</strong></span> <span class='ocrx_word' id='word_1_234' title='bbox 701 3903 925 3974; x_wconf 88' lang='lat' dir='ltr'><strong>ampliationem,</strong></span> <span class='ocrx_word' id='word_1_235' title='bbox 957 3902 1028 3957; x_wconf 78' lang='lat' dir='ltr'><strong>has²</strong></span> <span class='ocrx_word' id='word_1_236' title='bbox 1058 3903 1237 3974; x_wconf 86' lang='lat' dir='ltr'><strong>subscriptas</strong></span> <span class='ocrx_word' id='word_1_237' title='bbox 1266 3905 1408 3962; x_wconf 79' lang='lat' dir='ltr'><strong>ecclesias</strong></span> 
     </span>
     <span class='ocr_line' id='line_1_35' title="bbox 354 3986 1407 4057; baseline 0.004 -16"><span class='ocrx_word' id='word_1_238' title='bbox 354 3994 496 4057; x_wconf 89' lang='lat' dir='ltr'><strong>perpetuo</strong></span> <span class='ocrx_word' id='word_1_239' title='bbox 522 3986 671 4043; x_wconf 87' lang='lat' dir='ltr'><strong>habendas</strong></span> <span class='ocrx_word' id='word_1_240' title='bbox 697 3994 726 4042; x_wconf 94' lang='lat' dir='ltr'><strong>et</strong></span> <span class='ocrx_word' id='word_1_241' title='bbox 749 3986 781 4040; x_wconf 88' lang='lat' dir='ltr'><strong>iu</strong></span> <span class='ocrx_word' id='word_1_242' title='bbox 804 3993 959 4057; x_wconf 85' lang='lat' dir='ltr'><strong>perpetuos</strong></span> <span class='ocrx_word' id='word_1_243' title='bbox 978 4005 1050 4042; x_wconf 88' lang='lat' dir='ltr'><strong>usus</strong></span> <span class='ocrx_word' id='word_1_244' title='bbox 1072 3988 1296 4054; x_wconf 56' lang='lat' dir='ltr'><strong>convertendam</strong></span> <span class='ocrx_word' id='word_1_245' title='bbox 1324 3989 1407 4045; x_wconf 78' lang='lat' dir='ltr'><strong>vide·</strong></span> 
     </span>
     <span class='ocr_line' id='line_1_36' title="bbox 355 4069 1408 4143; baseline 0.003 -18"><span class='ocrx_word' id='word_1_246' title='bbox 355 4073 425 4126; x_wconf 89' lang='lat' dir='ltr'><strong>licet</strong></span> <span class='ocrx_word' id='word_1_247' title='bbox 445 4070 598 4127; x_wconf 88' lang='lat' dir='ltr'><strong>eeclesiam</strong></span> <span class='ocrx_word' id='word_1_248' title='bbox 617 4071 653 4125; x_wconf 88' lang='lat' dir='ltr'><strong>de</strong></span> <span class='ocrx_word' id='word_1_249' title='bbox 671 4069 868 4125; x_wconf 85' lang='lat' dir='ltr'><strong>Northleche³</strong></span> <span class='ocrx_word' id='word_1_250' title='bbox 890 4091 957 4125; x_wconf 90' lang='lat' dir='ltr'><strong>cum</strong></span> <span class='ocrx_word' id='word_1_251' title='bbox 976 4071 1110 4125; x_wconf 86' lang='lat' dir='ltr'><strong>omnibus</strong></span> <span class='ocrx_word' id='word_1_252' title='bbox 1130 4071 1250 4127; x_wconf 89' lang='lat' dir='ltr'><strong>decimis</strong></span> <span class='ocrx_word' id='word_1_253' title='bbox 1269 4078 1300 4127; x_wconf 92' lang='lat' dir='ltr'><strong>et</strong></span> <span class='ocrx_word' id='word_1_254' title='bbox 1316 4075 1408 4143; x_wconf 85' lang='lat' dir='ltr'><strong>perti·</strong></span> 
     </span>
    </p>
   </div>
   <div class='ocr_carea' id='block_1_9' title="bbox 354 4154 1408 4305">
    <p class='ocr_par' dir='ltr' id='par_1_14' title="bbox 354 4154 1408 4305">
     <span class='ocr_line' id='line_1_37' title="bbox 354 4154 1408 4218; baseline 0.004 -8"><span class='ocrx_word' id='word_1_255' title='bbox 354 4155 461 4210; x_wconf 85' lang='lat' dir='ltr'><strong>nentiia</strong></span> <span class='ocrx_word' id='word_1_256' title='bbox 480 4155 558 4218; x_wconf 86' lang='lat' dir='ltr'><strong>suis;</strong></span> <span class='ocrx_word' id='word_1_257' title='bbox 578 4154 731 4210; x_wconf 86' lang='lat' dir='ltr'><strong>ecclesiam</strong></span> <span class='ocrx_word' id='word_1_258' title='bbox 750 4154 786 4207; x_wconf 89' lang='lat' dir='ltr'><strong>de</strong></span> <span class='ocrx_word' id='word_1_259' title='bbox 808 4155 976 4210; x_wconf 77' lang='lat' dir='ltr'><strong>Stanedisse</strong></span> <span class='ocrx_word' id='word_1_260' title='bbox 994 4173 1061 4210; x_wconf 89' lang='lat' dir='ltr'><strong>cum</strong></span> <span class='ocrx_word' id='word_1_261' title='bbox 1080 4155 1213 4210; x_wconf 88' lang='lat' dir='ltr'><strong>omnibus</strong></span> <span class='ocrx_word' id='word_1_262' title='bbox 1235 4156 1358 4213; x_wconf 86' lang='lat' dir='ltr'><strong>decimis</strong></span> <span class='ocrx_word' id='word_1_263' title='bbox 1376 4165 1408 4214; x_wconf 89' lang='lat' dir='ltr'><strong>et</strong></span> 
     </span>
     <span class='ocr_line' id='line_1_38' title="bbox 355 4234 1408 4305; baseline 0.003 -16"><span class='ocrx_word' id='word_1_264' title='bbox 355 4235 488 4289; x_wconf 88' lang='lat' dir='ltr'><strong>omnibus</strong></span> <span class='ocrx_word' id='word_1_265' title='bbox 513 4234 601 4289; x_wconf 89' lang='lat' dir='ltr'><strong>rebus</strong></span> <span class='ocrx_word' id='word_1_266' title='bbox 626 4234 663 4288; x_wconf 90' lang='lat' dir='ltr'><strong>ad</strong></span> <span class='ocrx_word' id='word_1_267' title='bbox 687 4235 780 4305; x_wconf 92' lang='lat' dir='ltr'><strong>ipsam</strong></span> <span class='ocrx_word' id='word_1_268' title='bbox 805 4235 1036 4304; x_wconf 89' lang='lat' dir='ltr'><strong>pertinentibus;</strong></span> <span class='ocrx_word' id='word_1_269' title='bbox 1065 4234 1219 4289; x_wconf 88' lang='lat' dir='ltr'><strong>ecclesiam</strong></span> <span class='ocrx_word' id='word_1_270' title='bbox 1237 4234 1273 4289; x_wconf 91' lang='lat' dir='ltr'><strong>de</strong></span> <span class='ocrx_word' id='word_1_271' title='bbox 1291 4235 1408 4292; x_wconf 87' lang='lat' dir='ltr'><strong>Harde-</strong></span> 
     </span>
    </p>
   </div>
   <div class='ocr_carea' id='block_1_10' title="bbox 354 4317 1406 4390">
    <p class='ocr_par' dir='ltr' id='par_1_15' title="bbox 354 4317 1406 4390">
     <span class='ocr_line' id='line_1_39' title="bbox 354 4317 1406 4390; baseline 0.005 -17"><span class='ocrx_word' id='word_1_272' title='bbox 354 4319 438 4390; x_wconf 87' lang='lat' dir='ltr'><strong>pyric</strong></span> <span class='ocrx_word' id='word_1_273' title='bbox 468 4337 534 4373; x_wconf 91' lang='lat' dir='ltr'><strong>cum</strong></span> <span class='ocrx_word' id='word_1_274' title='bbox 562 4317 695 4373; x_wconf 88' lang='lat' dir='ltr'><strong>omnibus</strong></span> <span class='ocrx_word' id='word_1_275' title='bbox 721 4318 932 4389; x_wconf 88' lang='lat' dir='ltr'><strong>pertinentibus</strong></span> <span class='ocrx_word' id='word_1_276' title='bbox 962 4319 999 4373; x_wconf 88' lang='lat' dir='ltr'><strong>ad</strong></span> <span class='ocrx_word' id='word_1_277' title='bbox 1024 4320 1164 4385; x_wconf 78' lang='lat' dir='ltr'><strong>eandem3</strong></span> <span class='ocrx_word' id='word_1_278' title='bbox 1196 4320 1351 4377; x_wconf 87' lang='lat' dir='ltr'><strong>eeclesiam</strong></span> <span class='ocrx_word' id='word_1_279' title='bbox 1368 4321 1406 4377; x_wconf 80' lang='lat' dir='ltr'><strong>de</strong></span> 
     </span>
    </p>
   </div>
   <div class='ocr_carea' id='block_1_11' title="bbox 361 1887 1056 1956">
    <p class='ocr_par' dir='ltr' id='par_1_16' title="bbox 361 1887 1056 1956">
     <span class='ocr_line' id='line_1_40' title="bbox 361 1887 1056 1956; baseline 0.003 -16"><span class='ocrx_word' id='word_1_280' title='bbox 361 1904 475 1956; x_wconf 87' lang='lat' dir='ltr'><strong>scopus,</strong></span> <span class='ocrx_word' id='word_1_281' title='bbox 496 1888 619 1942; x_wconf 87' lang='lat' dir='ltr'><strong>salutem</strong></span> <span class='ocrx_word' id='word_1_282' title='bbox 639 1887 669 1940; x_wconf 90' lang='lat' dir='ltr'><strong>in</strong></span> <span class='ocrx_word' id='word_1_283' title='bbox 687 1887 730 1941; x_wconf 84' lang='lat' dir='ltr'><strong>Eo</strong></span> <span class='ocrx_word' id='word_1_284' title='bbox 748 1887 798 1956; x_wconf 89' lang='lat' dir='ltr'><strong>qui</strong></span> <span class='ocrx_word' id='word_1_285' title='bbox 817 1893 863 1941; x_wconf 91' lang='lat' dir='ltr'><strong>est</strong></span> <span class='ocrx_word' id='word_1_286' title='bbox 881 1905 950 1942; x_wconf 84' lang='lat' dir='ltr'><strong>vcra</strong></span> <span class='ocrx_word' id='word_1_287' title='bbox 968 1889 1056 1942; x_wconf 85' lang='lat' dir='ltr'><strong>salus.</strong></span> 
     </span>
    </p>
   </div>
   <div class='ocr_carea' id='block_1_12' title="bbox 357 4538 1407 4769">
    <p class='ocr_par' dir='ltr' id='par_1_17' title="bbox 357 4538 1407 4769">
     <span class='ocr_line' id='line_1_41' title="bbox 390 4538 1407 4605; baseline 0.002 -14"><span class='ocrx_word' id='word_1_288' title='bbox 390 4540 396 4571; x_wconf 87' lang='lat'>¹</span> <span class='ocrx_word' id='word_1_289' title='bbox 415 4540 483 4592; x_wconf 80' lang='lat' dir='ltr'><strong>vide</strong></span> <span class='ocrx_word' id='word_1_290' title='bbox 502 4539 614 4591; x_wconf 79' lang='lat' dir='ltr'><strong>Historia</strong></span> <span class='ocrx_word' id='word_1_291' title='bbox 635 4542 711 4605; x_wconf 79' lang='lat' dir='ltr'><strong>(enee,</strong></span> <span class='ocrx_word' id='word_1_292' title='bbox 730 4541 778 4591; x_wconf 82' lang='lat' dir='ltr'><strong>rol</strong></span> <span class='ocrx_word' id='word_1_293' title='bbox 792 4539 807 4591; x_wconf 93' lang='lat' dir='ltr'><strong>i.</strong></span> <span class='ocrx_word' id='word_1_294' title='bbox 828 4554 851 4604; x_wconf 91' lang='lat' dir='ltr'><strong>p.</strong></span> <span class='ocrx_word' id='word_1_295' title='bbox 938 4540 947 4569; x_wconf 87' lang='lat'><strong>¹</strong></span> <span class='ocrx_word' id='word_1_296' title='bbox 964 4540 994 4589; x_wconf 91' lang='lat' dir='ltr'><strong>ln</strong></span> <span class='ocrx_word' id='word_1_297' title='bbox 1011 4538 1053 4589; x_wconf 88' lang='lat' dir='ltr'><strong>the</strong></span> <span class='ocrx_word' id='word_1_298' title='bbox 1070 4540 1169 4605; x_wconf 79' lang='lat' dir='ltr'><strong>margin</strong></span> <span class='ocrx_word' id='word_1_299' title='bbox 1186 4538 1246 4590; x_wconf 83' lang='lat' dir='ltr'><strong>hero</strong></span> <span class='ocrx_word' id='word_1_300' title='bbox 1260 4540 1283 4591; x_wconf 81' lang='lat' dir='ltr'><strong>is</strong></span> <span class='ocrx_word' id='word_1_301' title='bbox 1295 4539 1407 4596; x_wconf 75' lang='lat' dir='ltr'><strong>inserted</strong></span> 
     </span>
     <span class='ocr_line' id='line_1_42' title="bbox 357 4616 1281 4684; baseline -0.001 -13"><span class='ocrx_word' id='word_1_302' title='bbox 357 4623 407 4684; x_wconf 80' lang='lat'>12).</span> <span class='ocrx_word' id='word_1_303' title='bbox 904 4616 1281 4681; x_wconf 79' lang='lat' dir='ltr'><strong>inalaterhand‚Norttlecle.</strong></span> 
     </span>
     <span class='ocr_line' id='line_1_43' title="bbox 388 4700 628 4769; baseline 0 -19"><span class='ocrx_word' id='word_1_304' title='bbox 388 4703 399 4731; x_wconf 82' lang='lat'>²</span> <span class='ocrx_word' id='word_1_305' title='bbox 413 4701 472 4769; x_wconf 82' lang='lat' dir='ltr'><strong>lies]</strong></span> <span class='ocrx_word' id='word_1_306' title='bbox 491 4702 559 4761; x_wconf 82' lang='lat' dir='ltr'><strong>haas,</strong></span> <span class='ocrx_word' id='word_1_307' title='bbox 572 4700 628 4752; x_wconf 81' lang='lat' dir='ltr'><strong>MS.</strong></span> 
     </span>
    </p>
   </div>
   <div class='ocr_carea' id='block_1_13' title="bbox 0 0 1614 5640">
    <p class='ocr_par' dir='ltr' id='par_1_18' title="bbox 0 0 1614 5640">
     <span class='ocr_line' id='line_1_44' title="bbox 0 0 1614 5640; baseline 0 0"><span class='ocrx_word' id='word_1_308' title='bbox 0 0 1614 5640; x_wconf 95' lang='lat' dir='ltr'><strong> </strong></span> 
     </span>
    </p>
   </div>
  </div>
 </body>
</html>
