<?xml version="1.0" encoding="UTF-8"?>
<!DOCTYPE html PUBLIC "-//W3C//DTD XHTML 1.0 Transitional//EN"
    "http://www.w3.org/TR/xhtml1/DTD/xhtml1-transitional.dtd">
<html xmlns="http://www.w3.org/1999/xhtml" xml:lang="en" lang="en">
 <head>
  <title>
</title>
<meta http-equiv="Content-Type" content="text/html;charset=utf-8" />
  <meta name='ocr-system' content='tesseract 3.04.00' />
  <meta name='ocr-capabilities' content='ocr_page ocr_carea ocr_par ocr_line ocrx_word'/>
</head>
<body>
  <div class='ocr_page' id='page_1' title='image "./historiaetcartu02monagoog_0239.png"; bbox 0 0 3218 5640; ppageno 0'>
   <div class='ocr_carea' id='block_1_1' title="bbox 367 779 1120 843">
    <p class='ocr_par' dir='ltr' id='par_1_1' title="bbox 367 779 1120 843">
     <span class='ocr_line' id='line_1_1' title="bbox 367 779 1120 843; baseline 0 -1"><span class='ocrx_word' id='word_1_1' title='bbox 367 779 433 842; x_wconf 81' lang='lat'>202</span> <span class='ocrx_word' id='word_1_2' title='bbox 637 792 888 843; x_wconf 73' lang='lat' dir='ltr'>claramnium</span> <span class='ocrx_word' id='word_1_3' title='bbox 909 792 1120 842; x_wconf 78' lang='lat' dir='ltr'>uosssrasu</span> 
     </span>
    </p>
   </div>
   <div class='ocr_carea' id='block_1_2' title="bbox 362 963 1419 2116">
    <p class='ocr_par' dir='ltr' id='par_1_2' title="bbox 362 963 1419 2116">
     <span class='ocr_line' id='line_1_2' title="bbox 365 963 1418 1037; baseline 0 -18"><span class='ocrx_word' id='word_1_4' title='bbox 365 982 460 1037; x_wconf 89' lang='lat' dir='ltr'>peny;</span> <span class='ocrx_word' id='word_1_5' title='bbox 480 964 634 1018; x_wconf 88' lang='lat' dir='ltr'>tenendam</span> <span class='ocrx_word' id='word_1_6' title='bbox 653 971 683 1019; x_wconf 88' lang='lat' dir='ltr'>et</span> <span class='ocrx_word' id='word_1_7' title='bbox 700 964 863 1020; x_wconf 85' lang='lat' dir='ltr'>habendam</span> <span class='ocrx_word' id='word_1_8' title='bbox 883 965 914 1018; x_wconf 88' lang='lat' dir='ltr'>in</span> <span class='ocrx_word' id='word_1_9' title='bbox 937 970 1121 1035; x_wconf 87' lang='lat' dir='ltr'>perpetuum,</span> <span class='ocrx_word' id='word_1_10' title='bbox 1141 963 1266 1018; x_wconf 89' lang='lat' dir='ltr'>liberam</span> <span class='ocrx_word' id='word_1_11' title='bbox 1285 970 1316 1019; x_wconf 90' lang='lat' dir='ltr'>et</span> <span class='ocrx_word' id='word_1_12' title='bbox 1333 963 1418 1035; x_wconf 89' lang='lat' dir='ltr'>quie·</span> 
     </span>
     <span class='ocr_line' id='line_1_3' title="bbox 365 1046 1417 1104; baseline 0 -1"><span class='ocrx_word' id='word_1_13' title='bbox 365 1055 426 1104; x_wconf 92' lang='lat' dir='ltr'>tam</span> <span class='ocrx_word' id='word_1_14' title='bbox 446 1046 481 1102; x_wconf 87' lang='lat' dir='ltr'>ab</span> <span class='ocrx_word' id='word_1_15' title='bbox 500 1048 580 1101; x_wconf 91' lang='lat' dir='ltr'>omni</span> <span class='ocrx_word' id='word_1_16' title='bbox 599 1049 720 1104; x_wconf 80' lang='lat' dir='ltr'>servitio</span> <span class='ocrx_word' id='word_1_17' title='bbox 739 1056 768 1103; x_wconf 93' lang='lat' dir='ltr'>et</span> <span class='ocrx_word' id='word_1_18' title='bbox 787 1048 929 1103; x_wconf 86' lang='lat' dir='ltr'>demanda</span> <span class='ocrx_word' id='word_1_19' title='bbox 946 1049 984 1103; x_wconf 91' lang='lat' dir='ltr'>ad</span> <span class='ocrx_word' id='word_1_20' title='bbox 1001 1065 1048 1102; x_wconf 90' lang='lat' dir='ltr'>me</span> <span class='ocrx_word' id='word_1_21' title='bbox 1060 1049 1109 1104; x_wconf 84' lang='lat' dir='ltr'>vel</span> <span class='ocrx_word' id='word_1_22' title='bbox 1127 1048 1165 1102; x_wconf 85' lang='lat' dir='ltr'>ad</span> <span class='ocrx_word' id='word_1_23' title='bbox 1182 1047 1314 1103; x_wconf 79' lang='lat' dir='ltr'>haeredes</span> <span class='ocrx_word' id='word_1_24' title='bbox 1332 1066 1417 1103; x_wconf 91' lang='lat' dir='ltr'>meos</span> 
     </span>
     <span class='ocr_line' id='line_1_4' title="bbox 364 1129 1419 1202; baseline 0.001 -17"><span class='ocrx_word' id='word_1_25' title='bbox 364 1133 538 1202; x_wconf 71' lang='lat' dir='ltr'>pertinente,</span> <span class='ocrx_word' id='word_1_26' title='bbox 569 1131 659 1186; x_wconf 88' lang='lat' dir='ltr'>salvis</span> <span class='ocrx_word' id='word_1_27' title='bbox 685 1133 804 1202; x_wconf 87' lang='lat' dir='ltr'>capitali</span> <span class='ocrx_word' id='word_1_28' title='bbox 830 1129 945 1186; x_wconf 90' lang='lat' dir='ltr'>domino</span> <span class='ocrx_word' id='word_1_29' title='bbox 970 1131 1047 1185; x_wconf 78' lang='lat' dir='ltr'>feodi</span> <span class='ocrx_word' id='word_1_30' title='bbox 1075 1136 1200 1201; x_wconf 89' lang='lat' dir='ltr'>quatuor</span> <span class='ocrx_word' id='word_1_31' title='bbox 1227 1130 1357 1186; x_wconf 89' lang='lat' dir='ltr'>denariis</span> <span class='ocrx_word' id='word_1_32' title='bbox 1386 1137 1419 1186; x_wconf 89' lang='lat' dir='ltr'>et</span> 
     </span>
     <span class='ocr_line' id='line_1_5' title="bbox 365 1214 1416 1286; baseline 0 -17"><span class='ocrx_word' id='word_1_33' title='bbox 365 1215 449 1270; x_wconf 93' lang='lat' dir='ltr'>obolo</span> <span class='ocrx_word' id='word_1_34' title='bbox 476 1216 526 1286; x_wconf 89' lang='lat' dir='ltr'>qui</span> <span class='ocrx_word' id='word_1_35' title='bbox 554 1215 696 1270; x_wconf 78' lang='lat' dir='ltr'>debentur</span> <span class='ocrx_word' id='word_1_36' title='bbox 722 1216 750 1269; x_wconf 91' lang='lat' dir='ltr'>ei</span> <span class='ocrx_word' id='word_1_37' title='bbox 777 1215 845 1269; x_wconf 91' lang='lat' dir='ltr'>inde</span> <span class='ocrx_word' id='word_1_38' title='bbox 866 1215 1015 1269; x_wconf 78' lang='lat' dir='ltr'>annuatim</span> <span class='ocrx_word' id='word_1_39' title='bbox 1034 1215 1072 1269; x_wconf 86' lang='lat' dir='ltr'>ad</span> <span class='ocrx_word' id='word_1_40' title='bbox 1094 1214 1228 1286; x_wconf 83' lang='lat' dir='ltr'>hokeday</span> <span class='ocrx_word' id='word_1_41' title='bbox 1247 1215 1333 1270; x_wconf 85' lang='lat' dir='ltr'>etad</span> <span class='ocrx_word' id='word_1_42' title='bbox 1357 1216 1416 1269; x_wconf 81' lang='lat' dir='ltr'>fes·</span> 
     </span>
     <span class='ocr_line' id='line_1_6' title="bbox 364 1298 1417 1368; baseline 0 -14"><span class='ocrx_word' id='word_1_43' title='bbox 364 1304 429 1354; x_wconf 89' lang='lat' dir='ltr'>tum</span> <span class='ocrx_word' id='word_1_44' title='bbox 465 1298 564 1353; x_wconf 78' lang='lat' dir='ltr'>Sancti</span> <span class='ocrx_word' id='word_1_45' title='bbox 594 1299 757 1353; x_wconf 87' lang='lat' dir='ltr'>Michaelis.</span> <span class='ocrx_word' id='word_1_46' title='bbox 807 1298 956 1353; x_wconf 68' lang='lat' dir='ltr'>Praeterea</span> <span class='ocrx_word' id='word_1_47' title='bbox 985 1298 1052 1353; x_wconf 92' lang='lat' dir='ltr'>dedi</span> <span class='ocrx_word' id='word_1_48' title='bbox 1083 1298 1231 1368; x_wconf 85' lang='lat' dir='ltr'>praedictis</span> <span class='ocrx_word' id='word_1_49' title='bbox 1261 1299 1417 1354; x_wconf 84' lang='lat' dir='ltr'>monachis</span> 
     </span>
     <span class='ocr_line' id='line_1_7' title="bbox 364 1372 1416 1454; baseline 0 -17"><span class='ocrx_word' id='word_1_50' title='bbox 364 1389 489 1454; x_wconf 91' lang='lat' dir='ltr'>quatuor</span> <span class='ocrx_word' id='word_1_51' title='bbox 508 1383 616 1438; x_wconf 91' lang='lat' dir='ltr'>solidos</span> <span class='ocrx_word' id='word_1_52' title='bbox 635 1401 708 1453; x_wconf 87' lang='lat' dir='ltr'>quos</span> <span class='ocrx_word' id='word_1_53' title='bbox 728 1383 877 1437; x_wconf 86' lang='lat' dir='ltr'>annuatim</span> <span class='ocrx_word' id='word_1_54' title='bbox 898 1383 1048 1454; x_wconf 79' lang='lat' dir='ltr'>percipere</span> <span class='ocrx_word' id='word_1_55' title='bbox 1067 1372 1205 1437; x_wconf 81' lang='lat' dir='ltr'>consuevi</span> <span class='ocrx_word' id='word_1_56' title='bbox 1224 1381 1261 1437; x_wconf 86' lang='lat' dir='ltr'>ad</span> <span class='ocrx_word' id='word_1_57' title='bbox 1278 1381 1416 1454; x_wconf 86' lang='lat' dir='ltr'>hokeday</span> 
     </span>
     <span class='ocr_line' id='line_1_8' title="bbox 364 1465 1416 1537; baseline 0.001 -17"><span class='ocrx_word' id='word_1_58' title='bbox 364 1473 395 1521; x_wconf 90' lang='lat' dir='ltr'>et</span> <span class='ocrx_word' id='word_1_59' title='bbox 412 1466 450 1521; x_wconf 91' lang='lat' dir='ltr'>ad</span> <span class='ocrx_word' id='word_1_60' title='bbox 476 1467 583 1521; x_wconf 87' lang='lat' dir='ltr'>festum</span> <span class='ocrx_word' id='word_1_61' title='bbox 613 1466 712 1521; x_wconf 84' lang='lat' dir='ltr'>Sancti</span> <span class='ocrx_word' id='word_1_62' title='bbox 740 1466 895 1521; x_wconf 81' lang='lat' dir='ltr'>Michaelis</span> <span class='ocrx_word' id='word_1_63' title='bbox 923 1465 959 1519; x_wconf 88' lang='lat' dir='ltr'>de</span> <span class='ocrx_word' id='word_1_64' title='bbox 985 1472 1064 1521; x_wconf 87' lang='lat' dir='ltr'>terra</span> <span class='ocrx_word' id='word_1_65' title='bbox 1089 1483 1178 1537; x_wconf 87' lang='lat' dir='ltr'>quam</span> <span class='ocrx_word' id='word_1_66' title='bbox 1197 1465 1367 1522; x_wconf 87' lang='lat' dir='ltr'>Willelmus</span> <span class='ocrx_word' id='word_1_67' title='bbox 1386 1465 1416 1521; x_wconf 89' lang='lat' dir='ltr'>le</span> 
     </span>
     <span class='ocr_line' id='line_1_9' title="bbox 364 1549 1415 1621; baseline -0.002 -15"><span class='ocrx_word' id='word_1_68' title='bbox 364 1552 532 1621; x_wconf 85' lang='lat' dir='ltr'>Fraunceys</span> <span class='ocrx_word' id='word_1_69' title='bbox 551 1551 647 1605; x_wconf 90' lang='lat' dir='ltr'>tenuit</span> <span class='ocrx_word' id='word_1_70' title='bbox 664 1551 700 1604; x_wconf 90' lang='lat' dir='ltr'>de</span> <span class='ocrx_word' id='word_1_71' title='bbox 719 1567 766 1604; x_wconf 91' lang='lat' dir='ltr'>me</span> <span class='ocrx_word' id='word_1_72' title='bbox 784 1550 815 1604; x_wconf 90' lang='lat' dir='ltr'>in</span> <span class='ocrx_word' id='word_1_73' title='bbox 834 1549 927 1615; x_wconf 83' lang='lat' dir='ltr'>leode,</span> <span class='ocrx_word' id='word_1_74' title='bbox 947 1550 1000 1604; x_wconf 88' lang='lat' dir='ltr'>illa</span> <span class='ocrx_word' id='word_1_75' title='bbox 1018 1549 1132 1604; x_wconf 87' lang='lat' dir='ltr'>scilicet</span> <span class='ocrx_word' id='word_1_76' title='bbox 1151 1567 1217 1621; x_wconf 72' lang='lat' dir='ltr'>quie</span> <span class='ocrx_word' id='word_1_77' title='bbox 1237 1549 1319 1620; x_wconf 87' lang='lat' dir='ltr'>jacet</span> <span class='ocrx_word' id='word_1_78' title='bbox 1335 1549 1415 1604; x_wconf 81' lang='lat' dir='ltr'>inter</span> 
     </span>
     <span class='ocr_line' id='line_1_10' title="bbox 363 1632 1415 1705; baseline -0.003 -14"><span class='ocrx_word' id='word_1_79' title='bbox 363 1653 481 1691; x_wconf 89' lang='lat' dir='ltr'>crucem</span> <span class='ocrx_word' id='word_1_80' title='bbox 498 1634 646 1705; x_wconf 87' lang='lat' dir='ltr'>lapideam</span> <span class='ocrx_word' id='word_1_81' title='bbox 664 1642 694 1690; x_wconf 88' lang='lat' dir='ltr'>et</span> <span class='ocrx_word' id='word_1_82' title='bbox 717 1641 835 1705; x_wconf 88' lang='lat' dir='ltr'>pontem</span> <span class='ocrx_word' id='word_1_83' title='bbox 860 1634 1003 1687; x_wconf 90' lang='lat' dir='ltr'>Brihtine.</span> <span class='ocrx_word' id='word_1_84' title='bbox 1052 1632 1192 1689; x_wconf 82' lang='lat' dir='ltr'>Ooncessi</span> <span class='ocrx_word' id='word_1_85' title='bbox 1216 1634 1308 1688; x_wconf 86' lang='lat' dir='ltr'>etiam</span> <span class='ocrx_word' id='word_1_86' title='bbox 1333 1633 1415 1704; x_wconf 90' lang='lat' dir='ltr'>qnod</span> 
     </span>
     <span class='ocr_line' id='line_1_11' title="bbox 363 1716 1416 1788; baseline -0.004 -14"><span class='ocrx_word' id='word_1_87' title='bbox 363 1719 435 1774; x_wconf 90' lang='lat' dir='ltr'>dicti</span> <span class='ocrx_word' id='word_1_88' title='bbox 453 1718 590 1772; x_wconf 90' lang='lat' dir='ltr'>monachi</span> <span class='ocrx_word' id='word_1_89' title='bbox 607 1718 741 1783; x_wconf 86' lang='lat' dir='ltr'>habeant,</span> <span class='ocrx_word' id='word_1_90' title='bbox 761 1719 872 1788; x_wconf 82' lang='lat' dir='ltr'>absque</span> <span class='ocrx_word' id='word_1_91' title='bbox 891 1717 970 1772; x_wconf 90' lang='lat' dir='ltr'>omni</span> <span class='ocrx_word' id='word_1_92' title='bbox 993 1723 1193 1772; x_wconf 88' lang='lat' dir='ltr'>retenementc</span> <span class='ocrx_word' id='word_1_93' title='bbox 1219 1723 1249 1772; x_wconf 88' lang='lat' dir='ltr'>et</span> <span class='ocrx_word' id='word_1_94' title='bbox 1272 1716 1416 1772; x_wconf 86' lang='lat' dir='ltr'>reclama·</span> 
     </span>
     <span class='ocr_line' id='line_1_12' title="bbox 363 1800 1415 1872; baseline -0.004 -14"><span class='ocrx_word' id='word_1_95' title='bbox 363 1804 450 1865; x_wconf 90' lang='lat' dir='ltr'>tione,</span> <span class='ocrx_word' id='word_1_96' title='bbox 471 1807 565 1856; x_wconf 92' lang='lat' dir='ltr'>totum</span> <span class='ocrx_word' id='word_1_97' title='bbox 580 1802 631 1871; x_wconf 90' lang='lat' dir='ltr'>jus</span> <span class='ocrx_word' id='word_1_98' title='bbox 653 1808 683 1857; x_wconf 90' lang='lat' dir='ltr'>et</span> <span class='ocrx_word' id='word_1_99' title='bbox 707 1802 936 1856; x_wconf 87' lang='lat' dir='ltr'>emolumentum</span> <span class='ocrx_word' id='word_1_100' title='bbox 960 1800 1038 1872; x_wconf 91' lang='lat' dir='ltr'>quod</span> <span class='ocrx_word' id='word_1_101' title='bbox 1063 1819 1119 1872; x_wconf 82' lang='lat' dir='ltr'>ego</span> <span class='ocrx_word' id='word_1_102' title='bbox 1135 1800 1183 1856; x_wconf 82' lang='lat' dir='ltr'>vel</span> <span class='ocrx_word' id='word_1_103' title='bbox 1201 1800 1335 1855; x_wconf 66' lang='lat' dir='ltr'>haeredes</span> <span class='ocrx_word' id='word_1_104' title='bbox 1354 1800 1415 1854; x_wconf 85' lang='lat' dir='ltr'>mei</span> 
     </span>
     <span class='ocr_line' id='line_1_13' title="bbox 362 1883 1417 1956; baseline -0.003 -15"><span class='ocrx_word' id='word_1_105' title='bbox 362 1886 519 1941; x_wconf 87' lang='lat' dir='ltr'>habuimus</span> <span class='ocrx_word' id='word_1_106' title='bbox 544 1885 592 1941; x_wconf 83' lang='lat' dir='ltr'>vel</span> <span class='ocrx_word' id='word_1_107' title='bbox 619 1885 726 1940; x_wconf 86' lang='lat' dir='ltr'>habere</span> <span class='ocrx_word' id='word_1_108' title='bbox 754 1885 902 1956; x_wconf 87' lang='lat' dir='ltr'>potuimus</span> <span class='ocrx_word' id='word_1_109' title='bbox 928 1885 959 1938; x_wconf 90' lang='lat' dir='ltr'>in</span> <span class='ocrx_word' id='word_1_110' title='bbox 988 1883 1137 1954; x_wconf 73' lang='lat' dir='ltr'>predictis</span> <span class='ocrx_word' id='word_1_111' title='bbox 1167 1885 1256 1940; x_wconf 88' lang='lat' dir='ltr'>terris</span> <span class='ocrx_word' id='word_1_112' title='bbox 1287 1883 1319 1938; x_wconf 91' lang='lat' dir='ltr'>in</span> <span class='ocrx_word' id='word_1_113' title='bbox 1348 1901 1417 1954; x_wconf 90' lang='lat' dir='ltr'>per·</span> 
     </span>
     <span class='ocr_line' id='line_1_14' title="bbox 362 1977 493 2042; baseline -0.008 -17"><span class='ocrx_word' id='word_1_114' title='bbox 362 1977 493 2042; x_wconf 91' lang='lat' dir='ltr'>petuum.</span> 
     </span>
     <span class='ocr_line' id='line_1_15' title="bbox 398 2051 1085 2116; baseline 0.001 -9"><span class='ocrx_word' id='word_1_115' title='bbox 398 2053 438 2108; x_wconf 82' lang='lat' dir='ltr'>Et</span> <span class='ocrx_word' id='word_1_116' title='bbox 455 2059 489 2108; x_wconf 90' lang='lat' dir='ltr'>ut</span> <span class='ocrx_word' id='word_1_117' title='bbox 504 2053 568 2108; x_wconf 85' lang='lat' dir='ltr'>haeo</span> <span class='ocrx_word' id='word_1_118' title='bbox 586 2070 652 2106; x_wconf 88' lang='lat' dir='ltr'>mea</span> <span class='ocrx_word' id='word_1_119' title='bbox 670 2052 786 2107; x_wconf 89' lang='lat' dir='ltr'>donatio</span> <span class='ocrx_word' id='word_1_120' title='bbox 805 2058 834 2107; x_wconf 87' lang='lat' dir='ltr'>et</span> <span class='ocrx_word' id='word_1_121' title='bbox 852 2051 1009 2116; x_wconf 85' lang='lat' dir='ltr'>concessio,</span> <span class='ocrx_word' id='word_1_122' title='bbox 1030 2055 1085 2108; x_wconf 88' lang='lat' dir='ltr'>etc.</span> 
     </span>
    </p>
   </div>
   <div class='ocr_carea' id='block_1_3' title="bbox 636 2362 1128 2429">
    <p class='ocr_par' dir='ltr' id='par_1_3' title="bbox 636 2362 1128 2429">
     <span class='ocr_line' id='line_1_16' title="bbox 636 2362 1128 2429; baseline 0.006 -3"><span class='ocrx_word' id='word_1_123' title='bbox 636 2362 855 2428; x_wconf 82' lang='lat' dir='ltr'><strong>DCCLXIII.</strong></span> <span class='ocrx_word' id='word_1_124' title='bbox 879 2363 929 2427; x_wconf 84' lang='lat' dir='ltr'>De</span> <span class='ocrx_word' id='word_1_125' title='bbox 951 2362 1128 2429; x_wconf 62' lang='lat' dir='ltr'>aelstano„</span> 
     </span>
    </p>
   </div>
   <div class='ocr_carea' id='block_1_4' title="bbox 192 2530 1417 2612">
    <p class='ocr_par' dir='ltr' id='par_1_4' title="bbox 192 2530 1417 2612">
     <span class='ocr_line' id='line_1_17' title="bbox 192 2530 1417 2612; baseline 0.002 -20"><span class='ocrx_word' id='word_1_126' title='bbox 192 2530 262 2583; x_wconf 56' lang='lat' dir='ltr'>AD·</span> <span class='ocrx_word' id='word_1_127' title='bbox 276 2538 339 2585; x_wconf 76' lang='lat'>¹26³</span> <span class='ocrx_word' id='word_1_128' title='bbox 397 2539 498 2595; x_wconf 87' lang='lat' dir='ltr'>Sciant</span> <span class='ocrx_word' id='word_1_129' title='bbox 515 2547 674 2612; x_wconf 84' lang='lat' dir='ltr'>praesentes</span> <span class='ocrx_word' id='word_1_130' title='bbox 693 2548 723 2596; x_wconf 90' lang='lat' dir='ltr'>et</span> <span class='ocrx_word' id='word_1_131' title='bbox 747 2541 849 2605; x_wconf 89' lang='lat' dir='ltr'>futuri,</span> <span class='ocrx_word' id='word_1_132' title='bbox 870 2542 948 2612; x_wconf 90' lang='lat' dir='ltr'>quod</span> <span class='ocrx_word' id='word_1_133' title='bbox 973 2559 1029 2611; x_wconf 84' lang='lat' dir='ltr'>ego</span> <span class='ocrx_word' id='word_1_134' title='bbox 1048 2540 1153 2596; x_wconf 89' lang='lat' dir='ltr'>Sibilla</span> <span class='ocrx_word' id='word_1_135' title='bbox 1171 2540 1320 2610; x_wconf 84' lang='lat' dir='ltr'>quondam</span> <span class='ocrx_word' id='word_1_136' title='bbox 1338 2556 1417 2594; x_wconf 87' lang='lat' dir='ltr'>uxor</span> 
     </span>
    </p>
   </div>
   <div class='ocr_carea' id='block_1_5' title="bbox 192 2603 1418 2696">
    <p class='ocr_par' dir='ltr' id='par_1_5' title="bbox 192 2603 1418 2696">
     <span class='ocr_line' id='line_1_18' title="bbox 192 2603 1418 2696; baseline -0.002 -18"><span class='ocrx_word' id='word_1_137' title='bbox 192 2603 285 2648; x_wconf 70' lang='lat'><strong>&#39;¹²⁸⁴&#39;</strong></span> <span class='ocrx_word' id='word_1_138' title='bbox 359 2622 503 2679; x_wconf 84' lang='lat' dir='ltr'>Willelmi</span> <span class='ocrx_word' id='word_1_139' title='bbox 522 2624 637 2689; x_wconf 79' lang='lat' dir='ltr'>Onusta,</span> <span class='ocrx_word' id='word_1_140' title='bbox 658 2623 736 2688; x_wconf 90' lang='lat' dir='ltr'>dedi,</span> <span class='ocrx_word' id='word_1_141' title='bbox 766 2626 905 2688; x_wconf 83' lang='lat' dir='ltr'>concessi,</span> <span class='ocrx_word' id='word_1_142' title='bbox 933 2631 962 2680; x_wconf 88' lang='lat' dir='ltr'>et</span> <span class='ocrx_word' id='word_1_143' title='bbox 988 2626 1043 2679; x_wconf 90' lang='lat' dir='ltr'>hac</span> <span class='ocrx_word' id='word_1_144' title='bbox 1069 2630 1213 2696; x_wconf 81' lang='lat' dir='ltr'>praesente</span> <span class='ocrx_word' id='word_1_145' title='bbox 1239 2629 1322 2678; x_wconf 86' lang='lat' dir='ltr'>carta</span> <span class='ocrx_word' id='word_1_146' title='bbox 1346 2639 1418 2677; x_wconf 84' lang='lat' dir='ltr'>mea</span> 
     </span>
    </p>
   </div>
   <div class='ocr_carea' id='block_1_6' title="bbox 193 2676 1416 2796">
    <p class='ocr_par' dir='ltr' id='par_1_6' title="bbox 193 2676 1416 2796">
     <span class='ocr_line' id='line_1_19' title="bbox 193 2676 1416 2796; baseline -0.013 -31"><span class='ocrx_word' id='word_1_147' title='bbox 193 2676 296 2796; x_wconf 41' lang='lat' dir='ltr'>&amp;b</span> <span class='ocrx_word' id='word_1_148' title='bbox 359 2707 537 2771; x_wconf 82' lang='lat' dir='ltr'>confirmavi,</span> <span class='ocrx_word' id='word_1_149' title='bbox 569 2707 686 2762; x_wconf 89' lang='lat' dir='ltr'>domino</span> <span class='ocrx_word' id='word_1_150' title='bbox 722 2705 926 2779; x_wconf 83' lang='lat' dir='ltr'>R[eginaldo],</span> <span class='ocrx_word' id='word_1_151' title='bbox 958 2708 1014 2762; x_wconf 91' lang='lat' dir='ltr'>Dei</span> <span class='ocrx_word' id='word_1_152' title='bbox 1051 2709 1148 2777; x_wconf 75' lang='lat' dir='ltr'>gratis</span> <span class='ocrx_word' id='word_1_153' title='bbox 1177 2707 1277 2765; x_wconf 74' lang='lat' dir='ltr'>abbati</span> <span class='ocrx_word' id='word_1_154' title='bbox 1310 2705 1416 2762; x_wconf 66' lang='lat' dir='ltr'>Sancti</span> 
     </span>
    </p>
   </div>
   <div class='ocr_carea' id='block_1_7' title="bbox 353 2788 1417 4437">
    <p class='ocr_par' dir='ltr' id='par_1_7' title="bbox 353 2788 1417 4189">
     <span class='ocr_line' id='line_1_20' title="bbox 358 2788 1414 2862; baseline 0.003 -20"><span class='ocrx_word' id='word_1_155' title='bbox 358 2788 440 2843; x_wconf 90' lang='lat' dir='ltr'>Petri</span> <span class='ocrx_word' id='word_1_156' title='bbox 472 2789 663 2844; x_wconf 82' lang='lat' dir='ltr'>Gloucestriae</span> <span class='ocrx_word' id='word_1_157' title='bbox 700 2796 730 2845; x_wconf 91' lang='lat' dir='ltr'>et</span> <span class='ocrx_word' id='word_1_158' title='bbox 765 2791 897 2862; x_wconf 89' lang='lat' dir='ltr'>ejusdem</span> <span class='ocrx_word' id='word_1_159' title='bbox 927 2792 984 2846; x_wconf 88' lang='lat' dir='ltr'>loci</span> <span class='ocrx_word' id='word_1_160' title='bbox 1014 2791 1179 2854; x_wconf 86' lang='lat' dir='ltr'>conventui,</span> <span class='ocrx_word' id='word_1_161' title='bbox 1212 2790 1244 2844; x_wconf 91' lang='lat' dir='ltr'>in</span> <span class='ocrx_word' id='word_1_162' title='bbox 1273 2788 1414 2855; x_wconf 86' lang='lat' dir='ltr'>liberam,</span> 
     </span>
     <span class='ocr_line' id='line_1_21' title="bbox 357 2872 1417 2943; baseline 0.002 -18"><span class='ocrx_word' id='word_1_163' title='bbox 357 2888 472 2942; x_wconf 87' lang='lat' dir='ltr'>puram,</span> <span class='ocrx_word' id='word_1_164' title='bbox 492 2879 522 2926; x_wconf 90' lang='lat' dir='ltr'>et</span> <span class='ocrx_word' id='word_1_165' title='bbox 539 2881 710 2943; x_wconf 87' lang='lat' dir='ltr'>perpetuam</span> <span class='ocrx_word' id='word_1_166' title='bbox 723 2875 920 2939; x_wconf 87' lang='lat' dir='ltr'>elemosinam,</span> <span class='ocrx_word' id='word_1_167' title='bbox 935 2874 1083 2928; x_wconf 88' lang='lat' dir='ltr'>redditum</span> <span class='ocrx_word' id='word_1_168' title='bbox 1101 2873 1203 2929; x_wconf 86' lang='lat' dir='ltr'>decem</span> <span class='ocrx_word' id='word_1_169' title='bbox 1222 2872 1417 2927; x_wconf 86' lang='lat' dir='ltr'>denariorum</span> 
     </span>
     <span class='ocr_line' id='line_1_22' title="bbox 358 2954 1417 3028; baseline 0.002 -21"><span class='ocrx_word' id='word_1_170' title='bbox 358 2972 446 3024; x_wconf 88' lang='lat' dir='ltr'>quem</span> <span class='ocrx_word' id='word_1_171' title='bbox 465 2955 592 3009; x_wconf 88' lang='lat' dir='ltr'>solebam</span> <span class='ocrx_word' id='word_1_172' title='bbox 611 2958 761 3028; x_wconf 85' lang='lat' dir='ltr'>percipere</span> <span class='ocrx_word' id='word_1_173' title='bbox 780 2958 816 3012; x_wconf 89' lang='lat' dir='ltr'>de</span> <span class='ocrx_word' id='word_1_174' title='bbox 829 2959 960 3013; x_wconf 87' lang='lat' dir='ltr'>Waltero</span> <span class='ocrx_word' id='word_1_175' title='bbox 979 2958 1061 3011; x_wconf 84' lang='lat' dir='ltr'>fabro</span> <span class='ocrx_word' id='word_1_176' title='bbox 1080 2974 1133 3028; x_wconf 89' lang='lat' dir='ltr'>pro</span> <span class='ocrx_word' id='word_1_177' title='bbox 1151 2963 1320 3012; x_wconf 87' lang='lat' dir='ltr'>tenemento</span> <span class='ocrx_word' id='word_1_178' title='bbox 1332 2954 1417 3026; x_wconf 87' lang='lat' dir='ltr'>quod</span> 
     </span>
     <span class='ocr_line' id='line_1_23' title="bbox 357 3036 1415 3111; baseline 0.003 -20"><span class='ocrx_word' id='word_1_179' title='bbox 357 3036 394 3091; x_wconf 90' lang='lat' dir='ltr'>de</span> <span class='ocrx_word' id='word_1_180' title='bbox 406 3056 454 3092; x_wconf 92' lang='lat' dir='ltr'>me</span> <span class='ocrx_word' id='word_1_181' title='bbox 467 3039 611 3108; x_wconf 88' lang='lat' dir='ltr'>quondam</span> <span class='ocrx_word' id='word_1_182' title='bbox 623 3042 734 3107; x_wconf 89' lang='lat' dir='ltr'>tenuit;</span> <span class='ocrx_word' id='word_1_183' title='bbox 755 3041 833 3111; x_wconf 91' lang='lat' dir='ltr'>quod</span> <span class='ocrx_word' id='word_1_184' title='bbox 845 3048 1044 3096; x_wconf 86' lang='lat' dir='ltr'>tenementum</span> <span class='ocrx_word' id='word_1_185' title='bbox 1056 3040 1224 3096; x_wconf 88' lang='lat' dir='ltr'>Willelmus</span> <span class='ocrx_word' id='word_1_186' title='bbox 1237 3038 1275 3093; x_wconf 85' lang='lat' dir='ltr'>de</span> <span class='ocrx_word' id='word_1_187' title='bbox 1288 3039 1415 3095; x_wconf 85' lang='lat' dir='ltr'>Ocholte</span> 
     </span>
     <span class='ocr_line' id='line_1_24' title="bbox 357 3121 1416 3194; baseline 0.003 -19"><span class='ocrx_word' id='word_1_188' title='bbox 357 3121 449 3176; x_wconf 83' lang='lat' dir='ltr'>frater</span> <span class='ocrx_word' id='word_1_189' title='bbox 466 3139 549 3177; x_wconf 89' lang='lat' dir='ltr'>meus</span> <span class='ocrx_word' id='word_1_190' title='bbox 576 3124 661 3178; x_wconf 91' lang='lat' dir='ltr'>modo</span> <span class='ocrx_word' id='word_1_191' title='bbox 687 3131 768 3180; x_wconf 88' lang='lat' dir='ltr'>tenet</span> <span class='ocrx_word' id='word_1_192' title='bbox 792 3126 823 3179; x_wconf 93' lang='lat' dir='ltr'>in</span> <span class='ocrx_word' id='word_1_193' title='bbox 844 3125 916 3179; x_wconf 81' lang='lat' dir='ltr'>villa</span> <span class='ocrx_word' id='word_1_194' title='bbox 941 3124 978 3177; x_wconf 88' lang='lat' dir='ltr'>de</span> <span class='ocrx_word' id='word_1_195' title='bbox 996 3125 1120 3194; x_wconf 89' lang='lat' dir='ltr'>Uptone‚</span> <span class='ocrx_word' id='word_1_196' title='bbox 1141 3131 1171 3179; x_wconf 88' lang='lat' dir='ltr'>et</span> <span class='ocrx_word' id='word_1_197' title='bbox 1188 3123 1365 3194; x_wconf 84' lang='lat' dir='ltr'>homagium</span> <span class='ocrx_word' id='word_1_198' title='bbox 1384 3131 1416 3178; x_wconf 86' lang='lat' dir='ltr'>et</span> 
     </span>
     <span class='ocr_line' id='line_1_25' title="bbox 355 3203 1415 3278; baseline 0.002 -20"><span class='ocrx_word' id='word_1_199' title='bbox 355 3209 451 3259; x_wconf 86' lang='lat' dir='ltr'>totum</span> <span class='ocrx_word' id='word_1_200' title='bbox 470 3206 623 3261; x_wconf 77' lang='lat' dir='ltr'>servitium</span> <span class='ocrx_word' id='word_1_201' title='bbox 642 3208 720 3278; x_wconf 87' lang='lat' dir='ltr'>quod</span> <span class='ocrx_word' id='word_1_202' title='bbox 738 3208 905 3263; x_wconf 73' lang='lat' dir='ltr'>ll&#39;illelmus</span> <span class='ocrx_word' id='word_1_203' title='bbox 933 3207 1011 3262; x_wconf 89' lang='lat' dir='ltr'>filius</span> <span class='ocrx_word' id='word_1_204' title='bbox 1030 3207 1173 3261; x_wconf 88' lang='lat' dir='ltr'>Willelmi</span> <span class='ocrx_word' id='word_1_205' title='bbox 1198 3205 1355 3277; x_wconf 84' lang='lat' dir='ltr'>praepositi</span> <span class='ocrx_word' id='word_1_206' title='bbox 1377 3203 1415 3260; x_wconf 84' lang='lat' dir='ltr'>de</span> 
     </span>
     <span class='ocr_line' id='line_1_26' title="bbox 356 3286 1415 3360; baseline 0.002 -20"><span class='ocrx_word' id='word_1_207' title='bbox 356 3286 505 3341; x_wconf 84' lang='lat' dir='ltr'>Bertbona</span> <span class='ocrx_word' id='word_1_208' title='bbox 527 3290 608 3358; x_wconf 83' lang='lat' dir='ltr'>regis</span> <span class='ocrx_word' id='word_1_209' title='bbox 636 3291 710 3343; x_wconf 91' lang='lat' dir='ltr'>mihi</span> <span class='ocrx_word' id='word_1_210' title='bbox 735 3292 830 3345; x_wconf 84' lang='lat' dir='ltr'>iacere</span> <span class='ocrx_word' id='word_1_211' title='bbox 858 3291 1010 3345; x_wconf 82' lang='lat' dir='ltr'>consuerit</span> <span class='ocrx_word' id='word_1_212' title='bbox 1028 3289 1064 3345; x_wconf 87' lang='lat' dir='ltr'>de</span> <span class='ocrx_word' id='word_1_213' title='bbox 1082 3295 1248 3345; x_wconf 72' lang='lat' dir='ltr'>tenemento</span> <span class='ocrx_word' id='word_1_214' title='bbox 1276 3287 1359 3360; x_wconf 92' lang='lat' dir='ltr'>quod</span> <span class='ocrx_word' id='word_1_215' title='bbox 1377 3286 1415 3342; x_wconf 88' lang='lat' dir='ltr'>de</span> 
     </span>
     <span class='ocr_line' id='line_1_27' title="bbox 356 3371 1414 3444; baseline 0.003 -21"><span class='ocrx_word' id='word_1_216' title='bbox 356 3387 403 3424; x_wconf 89' lang='lat' dir='ltr'>me</span> <span class='ocrx_word' id='word_1_217' title='bbox 422 3372 517 3425; x_wconf 87' lang='lat' dir='ltr'>tenuit</span> <span class='ocrx_word' id='word_1_218' title='bbox 547 3373 578 3425; x_wconf 89' lang='lat' dir='ltr'>in</span> <span class='ocrx_word' id='word_1_219' title='bbox 607 3373 709 3427; x_wconf 85' lang='lat' dir='ltr'>eadem</span> <span class='ocrx_word' id='word_1_220' title='bbox 735 3374 817 3437; x_wconf 75' lang='lat' dir='ltr'>villa,</span> <span class='ocrx_word' id='word_1_221' title='bbox 846 3380 876 3427; x_wconf 88' lang='lat' dir='ltr'>et</span> <span class='ocrx_word' id='word_1_222' title='bbox 901 3373 1042 3444; x_wconf 88' lang='lat' dir='ltr'>quicquid</span> <span class='ocrx_word' id='word_1_223' title='bbox 1071 3374 1144 3427; x_wconf 92' lang='lat' dir='ltr'>mihi</span> <span class='ocrx_word' id='word_1_224' title='bbox 1174 3371 1222 3427; x_wconf 82' lang='lat' dir='ltr'>vel</span> <span class='ocrx_word' id='word_1_225' title='bbox 1240 3371 1414 3426; x_wconf 69' lang='lat' dir='ltr'>heredibus</span> 
     </span>
     <span class='ocr_line' id='line_1_28' title="bbox 355 3453 1417 3526; baseline 0.004 -20"><span class='ocrx_word' id='word_1_226' title='bbox 355 3453 429 3508; x_wconf 85' lang='lat' dir='ltr'>meis</span> <span class='ocrx_word' id='word_1_227' title='bbox 454 3453 491 3506; x_wconf 90' lang='lat' dir='ltr'>de</span> <span class='ocrx_word' id='word_1_228' title='bbox 518 3453 605 3509; x_wconf 85' lang='lat' dir='ltr'>dictis</span> <span class='ocrx_word' id='word_1_229' title='bbox 635 3457 808 3510; x_wconf 88' lang='lat' dir='ltr'>tenementis</span> <span class='ocrx_word' id='word_1_230' title='bbox 839 3455 971 3510; x_wconf 85' lang='lat' dir='ltr'>accidere</span> <span class='ocrx_word' id='word_1_231' title='bbox 1004 3453 1159 3526; x_wconf 81' lang='lat' dir='ltr'>[poterit];</span> <span class='ocrx_word' id='word_1_232' title='bbox 1191 3454 1356 3510; x_wconf 84' lang='lat' dir='ltr'>tenendum</span> <span class='ocrx_word' id='word_1_233' title='bbox 1383 3461 1417 3510; x_wconf 86' lang='lat' dir='ltr'>et</span> 
     </span>
     <span class='ocr_line' id='line_1_29' title="bbox 353 3535 1413 3609; baseline 0.004 -20"><span class='ocrx_word' id='word_1_234' title='bbox 353 3535 520 3591; x_wconf 87' lang='lat' dir='ltr'>habendum</span> <span class='ocrx_word' id='word_1_235' title='bbox 538 3537 678 3609; x_wconf 69' lang='lat' dir='ltr'>praedicto</span> <span class='ocrx_word' id='word_1_236' title='bbox 696 3539 794 3593; x_wconf 86' lang='lat' dir='ltr'>abbati</span> <span class='ocrx_word' id='word_1_237' title='bbox 813 3540 1010 3594; x_wconf 81' lang='lat' dir='ltr'>etconrentui</span> <span class='ocrx_word' id='word_1_238' title='bbox 1023 3546 1168 3594; x_wconf 87' lang='lat' dir='ltr'>eteorum</span> <span class='ocrx_word' id='word_1_239' title='bbox 1186 3537 1413 3594; x_wconf 84' lang='lat' dir='ltr'>suecessoribus</span> 
     </span>
     <span class='ocr_line' id='line_1_30' title="bbox 354 3619 1414 3692; baseline 0.004 -20"><span class='ocrx_word' id='word_1_240' title='bbox 354 3619 527 3688; x_wconf 76' lang='lat' dir='ltr'>pradictum</span> <span class='ocrx_word' id='word_1_241' title='bbox 545 3620 693 3675; x_wconf 85' lang='lat' dir='ltr'>redditum</span> <span class='ocrx_word' id='word_1_242' title='bbox 711 3639 778 3675; x_wconf 88' lang='lat' dir='ltr'>cum</span> <span class='ocrx_word' id='word_1_243' title='bbox 797 3623 983 3692; x_wconf 85' lang='lat' dir='ltr'>pertinentiis</span> <span class='ocrx_word' id='word_1_244' title='bbox 1002 3624 1074 3687; x_wconf 88' lang='lat' dir='ltr'>suis,</span> <span class='ocrx_word' id='word_1_245' title='bbox 1095 3623 1278 3692; x_wconf 85' lang='lat' dir='ltr'>homagium,</span> <span class='ocrx_word' id='word_1_246' title='bbox 1299 3628 1331 3676; x_wconf 89' lang='lat' dir='ltr'>et</span> <span class='ocrx_word' id='word_1_247' title='bbox 1349 3638 1414 3676; x_wconf 86' lang='lat' dir='ltr'>ser·</span> 
     </span>
     <span class='ocr_line' id='line_1_31' title="bbox 354 3701 1413 3776; baseline 0.006 -22"><span class='ocrx_word' id='word_1_248' title='bbox 354 3701 469 3766; x_wconf 71' lang='lat' dir='ltr'>vitium,</span> <span class='ocrx_word' id='word_1_249' title='bbox 489 3703 581 3756; x_wconf 85' lang='lat' dir='ltr'>libere</span> <span class='ocrx_word' id='word_1_250' title='bbox 600 3709 630 3758; x_wconf 92' lang='lat' dir='ltr'>et</span> <span class='ocrx_word' id='word_1_251' title='bbox 648 3704 758 3773; x_wconf 89' lang='lat' dir='ltr'>quiete,</span> <span class='ocrx_word' id='word_1_252' title='bbox 778 3705 852 3758; x_wconf 91' lang='lat' dir='ltr'>bene</span> <span class='ocrx_word' id='word_1_253' title='bbox 878 3714 908 3759; x_wconf 87' lang='lat' dir='ltr'>et</span> <span class='ocrx_word' id='word_1_254' title='bbox 932 3707 963 3759; x_wconf 93' lang='lat' dir='ltr'>in</span> <span class='ocrx_word' id='word_1_255' title='bbox 981 3724 1062 3776; x_wconf 85' lang='lat' dir='ltr'>pace,</span> <span class='ocrx_word' id='word_1_256' title='bbox 1079 3707 1148 3776; x_wconf 87' lang='lat' dir='ltr'>jure</span> <span class='ocrx_word' id='word_1_257' title='bbox 1166 3705 1361 3760; x_wconf 68' lang='lat' dir='ltr'>haereditario</span> <span class='ocrx_word' id='word_1_258' title='bbox 1380 3706 1413 3760; x_wconf 88' lang='lat' dir='ltr'>in</span> 
     </span>
     <span class='ocr_line' id='line_1_32' title="bbox 354 3787 1413 3859; baseline 0.006 -21"><span class='ocrx_word' id='word_1_259' title='bbox 354 3793 537 3855; x_wconf 81' lang='lat' dir='ltr'>perpetuum.</span> <span class='ocrx_word' id='word_1_260' title='bbox 575 3787 614 3841; x_wconf 83' lang='lat' dir='ltr'>Et</span> <span class='ocrx_word' id='word_1_261' title='bbox 632 3804 688 3857; x_wconf 85' lang='lat' dir='ltr'>ego</span> <span class='ocrx_word' id='word_1_262' title='bbox 706 3787 847 3858; x_wconf 72' lang='lat' dir='ltr'>praedicta</span> <span class='ocrx_word' id='word_1_263' title='bbox 867 3789 972 3843; x_wconf 75' lang='lat' dir='ltr'>Sibilla</span> <span class='ocrx_word' id='word_1_264' title='bbox 984 3803 1014 3844; x_wconf 89' lang='lat' dir='ltr'>et</span> <span class='ocrx_word' id='word_1_265' title='bbox 1026 3790 1158 3844; x_wconf 72' lang='lat' dir='ltr'>haeredes</span> <span class='ocrx_word' id='word_1_266' title='bbox 1176 3791 1236 3842; x_wconf 87' lang='lat' dir='ltr'>mei</span> <span class='ocrx_word' id='word_1_267' title='bbox 1254 3787 1413 3859; x_wconf 71' lang='lat' dir='ltr'>praedictis</span> 
     </span>
     <span class='ocr_line' id='line_1_33' title="bbox 355 3867 1412 3943; baseline 0.007 -23"><span class='ocrx_word' id='word_1_268' title='bbox 355 3867 452 3922; x_wconf 87' lang='lat' dir='ltr'>abbati</span> <span class='ocrx_word' id='word_1_269' title='bbox 470 3880 499 3922; x_wconf 88' lang='lat' dir='ltr'>et</span> <span class='ocrx_word' id='word_1_270' title='bbox 517 3871 672 3924; x_wconf 78' lang='lat' dir='ltr'>conventui</span> <span class='ocrx_word' id='word_1_271' title='bbox 691 3880 721 3924; x_wconf 84' lang='lat' dir='ltr'>et</span> <span class='ocrx_word' id='word_1_272' title='bbox 744 3888 845 3923; x_wconf 86' lang='lat' dir='ltr'>eorum</span> <span class='ocrx_word' id='word_1_273' title='bbox 871 3873 1090 3927; x_wconf 87' lang='lat' dir='ltr'>successoribus</span> <span class='ocrx_word' id='word_1_274' title='bbox 1112 3871 1289 3943; x_wconf 74' lang='lat' dir='ltr'>predictum</span> <span class='ocrx_word' id='word_1_275' title='bbox 1308 3872 1412 3927; x_wconf 85' lang='lat' dir='ltr'>reddi·</span> 
     </span>
     <span class='ocr_line' id='line_1_34' title="bbox 354 3952 1412 4025; baseline 0.006 -22"><span class='ocrx_word' id='word_1_276' title='bbox 354 3954 418 4003; x_wconf 85' lang='lat' dir='ltr'>tum</span> <span class='ocrx_word' id='word_1_277' title='bbox 436 3968 503 4004; x_wconf 89' lang='lat' dir='ltr'>cnm</span> <span class='ocrx_word' id='word_1_278' title='bbox 521 3952 705 4021; x_wconf 83' lang='lat' dir='ltr'>pertinentiis</span> <span class='ocrx_word' id='word_1_279' title='bbox 725 3953 786 4006; x_wconf 89' lang='lat' dir='ltr'>suis</span> <span class='ocrx_word' id='word_1_280' title='bbox 812 3954 983 4025; x_wconf 84' lang='lat' dir='ltr'>homagium</span> <span class='ocrx_word' id='word_1_281' title='bbox 1008 3962 1038 4009; x_wconf 90' lang='lat' dir='ltr'>et</span> <span class='ocrx_word' id='word_1_282' title='bbox 1065 3956 1221 4009; x_wconf 74' lang='lat' dir='ltr'>servitium</span> <span class='ocrx_word' id='word_1_283' title='bbox 1239 3955 1313 4009; x_wconf 86' lang='lat' dir='ltr'>dicti</span> <span class='ocrx_word' id='word_1_284' title='bbox 1332 3954 1412 4011; x_wconf 84' lang='lat' dir='ltr'>Wil-</span> 
     </span>
     <span class='ocr_line' id='line_1_35' title="bbox 354 4032 1414 4094; baseline 0.008 -9"><span class='ocrx_word' id='word_1_285' title='bbox 354 4032 436 4086; x_wconf 87' lang='lat' dir='ltr'>lelmi</span> <span class='ocrx_word' id='word_1_286' title='bbox 461 4042 562 4089; x_wconf 83' lang='lat' dir='ltr'>contra</span> <span class='ocrx_word' id='word_1_287' title='bbox 592 4053 691 4089; x_wconf 85' lang='lat' dir='ltr'>omnes</span> <span class='ocrx_word' id='word_1_288' title='bbox 717 4037 851 4091; x_wconf 87' lang='lat' dir='ltr'>homines</span> <span class='ocrx_word' id='word_1_289' title='bbox 871 4046 902 4092; x_wconf 86' lang='lat' dir='ltr'>et</span> <span class='ocrx_word' id='word_1_290' title='bbox 928 4038 1064 4093; x_wconf 85' lang='lat' dir='ltr'>foeminas</span> <span class='ocrx_word' id='word_1_291' title='bbox 1091 4038 1353 4093; x_wconf 82' lang='lat' dir='ltr'>warantizabimus</span> <span class='ocrx_word' id='word_1_292' title='bbox 1381 4046 1414 4094; x_wconf 88' lang='lat' dir='ltr'>et</span> 
     </span>
     <span class='ocr_line' id='line_1_36' title="bbox 354 4115 792 4189; baseline 0.007 -20"><span class='ocrx_word' id='word_1_293' title='bbox 354 4115 543 4172; x_wconf 77' lang='lat' dir='ltr'>defendemus</span> <span class='ocrx_word' id='word_1_294' title='bbox 562 4118 593 4171; x_wconf 91' lang='lat' dir='ltr'>in</span> <span class='ocrx_word' id='word_1_295' title='bbox 609 4126 792 4189; x_wconf 86' lang='lat' dir='ltr'>perpetuum.</span> 
     </span>
    </p>

    <p class='ocr_par' dir='ltr' id='par_1_8' title="bbox 353 4199 1413 4437">
     <span class='ocr_line' id='line_1_37' title="bbox 390 4199 1411 4271; baseline 0.009 -18"><span class='ocrx_word' id='word_1_296' title='bbox 390 4199 430 4254; x_wconf 82' lang='lat' dir='ltr'>Et</span> <span class='ocrx_word' id='word_1_297' title='bbox 446 4209 480 4254; x_wconf 88' lang='lat' dir='ltr'>nt</span> <span class='ocrx_word' id='word_1_298' title='bbox 497 4201 560 4254; x_wconf 81' lang='lat' dir='ltr'>haec</span> <span class='ocrx_word' id='word_1_299' title='bbox 578 4219 643 4255; x_wconf 80' lang='lat' dir='ltr'>mea</span> <span class='ocrx_word' id='word_1_300' title='bbox 660 4201 786 4265; x_wconf 86' lang='lat' dir='ltr'>donatio,</span> <span class='ocrx_word' id='word_1_301' title='bbox 806 4204 965 4267; x_wconf 84' lang='lat' dir='ltr'>concessio,</span> <span class='ocrx_word' id='word_1_302' title='bbox 980 4212 1011 4259; x_wconf 88' lang='lat' dir='ltr'>et</span> <span class='ocrx_word' id='word_1_303' title='bbox 1022 4211 1110 4260; x_wconf 79' lang='lat' dir='ltr'>cartas</span> <span class='ocrx_word' id='word_1_304' title='bbox 1122 4222 1197 4259; x_wconf 82' lang='lat' dir='ltr'>meae</span> <span class='ocrx_word' id='word_1_305' title='bbox 1209 4205 1411 4271; x_wconf 82' lang='lat' dir='ltr'>confirmatio,</span> 
     </span>
     <span class='ocr_line' id='line_1_38' title="bbox 353 4284 1413 4358; baseline 0.01 -23"><span class='ocrx_word' id='word_1_306' title='bbox 353 4286 420 4335; x_wconf 73' lang='lat' dir='ltr'>reta</span> <span class='ocrx_word' id='word_1_307' title='bbox 444 4291 475 4336; x_wconf 87' lang='lat' dir='ltr'>et</span> <span class='ocrx_word' id='word_1_308' title='bbox 499 4284 670 4338; x_wconf 85' lang='lat' dir='ltr'>inconeussa</span> <span class='ocrx_word' id='word_1_309' title='bbox 696 4293 873 4354; x_wconf 70' lang='lat' dir='ltr'>permaneat,</span> <span class='ocrx_word' id='word_1_310' title='bbox 893 4299 1067 4357; x_wconf 80' lang='lat' dir='ltr'>praesentem</span> <span class='ocrx_word' id='word_1_311' title='bbox 1093 4295 1205 4344; x_wconf 79' lang='lat' dir='ltr'>cartem</span> <span class='ocrx_word' id='word_1_312' title='bbox 1232 4287 1330 4358; x_wconf 79' lang='lat' dir='ltr'>sigilli</span> <span class='ocrx_word' id='word_1_313' title='bbox 1349 4290 1413 4346; x_wconf 83' lang='lat' dir='ltr'>mei</span> 
     </span>
     <span class='ocr_line' id='line_1_39' title="bbox 354 4364 1044 4437; baseline 0.014 -20"><span class='ocrx_word' id='word_1_314' title='bbox 354 4364 547 4435; x_wconf 84' lang='lat' dir='ltr'>impressione</span> <span class='ocrx_word' id='word_1_315' title='bbox 564 4368 708 4424; x_wconf 79' lang='lat' dir='ltr'>roborari.</span> <span class='ocrx_word' id='word_1_316' title='bbox 744 4369 814 4425; x_wconf 86' lang='lat' dir='ltr'>Hiis</span> <span class='ocrx_word' id='word_1_317' title='bbox 832 4371 967 4437; x_wconf 85' lang='lat' dir='ltr'>testibus,</span> <span class='ocrx_word' id='word_1_318' title='bbox 987 4377 1044 4427; x_wconf 85' lang='lat' dir='ltr'>etc.</span> 
     </span>
    </p>
   </div>
   <div class='ocr_carea' id='block_1_8' title="bbox 0 0 1614 5640">
    <p class='ocr_par' dir='ltr' id='par_1_9' title="bbox 0 0 1614 5640">
     <span class='ocr_line' id='line_1_40' title="bbox 0 0 1614 5640; baseline 0 2"><span class='ocrx_word' id='word_1_319' title='bbox 0 0 1614 5640; x_wconf 95' lang='lat' dir='ltr'> </span> 
     </span>
    </p>
   </div>
  </div>
 </body>
</html>
