3218 5640
366 753 407 814 54
653 764 902 815 cmsnmmnn
923 765 1131 815 nonssnsnn

363 939 465 994 eadem
489 939 613 996 ccclesia
638 940 749 1012 agitata
775 942 889 1007 fuisset,
916 941 1115 1013 intelligentes
1145 940 1226 996 illam
1255 938 1409 997 ecclesiam

363 1022 400 1078 ad
421 1024 472 1094 jus
493 1025 557 1094 jam
581 1025 654 1082 dicti
671 1026 840 1082 monasterii
867 1026 1024 1097 pertinere,
1050 1024 1172 1083 consilio
1197 1024 1409 1081 venerabilium

362 1115 536 1174 nostrorum,
557 1109 695 1166 videlicet
711 1111 832 1166 Hillarii
852 1110 1063 1181 chestrensis‚
1083 1116 1113 1166 et
1130 1109 1252 1165 Roberti
1270 1109 1408 1165 Bethani-

363 1193 451 1258 cnsis,
465 1199 495 1248 et
507 1193 527 1248 J
528 1194 633 1250 acelini
652 1194 885 1260 Saresbiriensis,
899 1201 930 1250 et
940 1195 1055 1266 Nigelli
1066 1195 1213 1267 Elyensis,
1233 1199 1262 1249 ot
1273 1192 1410 1248 Nicholai

362 1276 559 1334 Landaveneis
583 1278 793 1351 episcoporum,
813 1278 983 1351 praedictam
1007 1280 1162 1335 ecclesiam
1179 1278 1264 1334 Beati
1283 1276 1410 1333 Gundlei

362 1360 459 1415 abbati
490 1369 519 1417 et
548 1363 696 1419 monachis
727 1363 918 1419 Gloncestriae
949 1362 1190 1434 adjudicavimua
1226 1360 1338 1416 Deinde
1366 1361 1408 1414 in-

363 1451 463 1516 specta
492 1453 572 1502 carta
601 1448 718 1519 praefati
748 1447 873 1513 comitis,
900 1447 1033 1503 advocati
1062 1446 1150 1518 hujus
1180 1445 1321 1511 ccclesiae,
1353 1461 1411 1514 qua

362 1529 444 1584 illam
485 1531 639 1587 ecclesiam
674 1550 742 1589 cum
778 1532 912 1588 omnibus
948 1532 1132 1603 pertinentiis
1168 1531 1229 1586 suis
1271 1529 1411 1601 praedicto

362 1616 536 1671 monasterio
567 1617 689 1672 liberam
720 1623 750 1672 et
783 1616 913 1688 quietam
940 1615 971 1670 in
1002 1623 1176 1688 perpetuum
1201 1614 1353 1678 concessit,
1380 1619 1411 1668 et

361 1698 451 1765 dedit,
479 1707 509 1756 et
538 1701 736 1768 confirmavit3
768 1719 816 1766 ne,
844 1701 929 1771 lapsu
959 1705 1133 1772 temporum,
1164 1699 1241 1770 quod
1265 1698 1313 1755 vel
1343 1702 1409 1754 ante

360 1801 413 1839 nos
431 1784 479 1839 vel
496 1801 550 1855 per
566 1803 619 1841 nos
639 1805 728 1858 super
749 1785 850 1842 eedem
869 1784 993 1840 ecclesia
1016 1785 1126 1841 fectum
1153 1791 1207 1849 est,
1234 1784 1266 1839 in
1291 1783 1410 1839 irritum

360 1874 459 1938 posset
477 1868 619 1934 revocari,
632 1869 805 1926 anctoritate
818 1886 878 1940 qua
888 1869 1041 1939 fungimur
1059 1868 1246 1940 saepedictam
1257 1867 1411 1923 ecclesiam

360 1970 429 2008 cum
453 1952 587 2008 omnibus
615 1954 653 2010 ad
683 1971 747 2009 eam
773 1954 988 2024 pertinentibus
1018 1953 1194 2010 monasterio
1219 1951 1410 2008 Glaucestriae

359 2037 391 2092 in
416 2036 605 2094 elemosinam
635 2045 807 2110 perpetuam
837 2039 1043 2104 concessimus,
1072 2045 1102 2095 ot
1130 2037 1282 2110 presentis
1307 2035 1410 2108 scripti

359 2121 521 2178 munimine
533 2123 756 2190 confirmamus3
778 2129 810 2180 ct
827 2141 892 2179 cam
910 2123 952 2179 ita
969 2125 1169 2180 confirmatam
1187 2123 1218 2178 in
1235 2127 1410 2194 perpetuum

359 2223 425 2262 esse
443 2207 639 2264 concedimus.

394 2291 468 2347 Haec
493 2298 593 2349 cutem
619 2293 800 2351 confirmatio
826 2294 904 2350 factu
926 2299 972 2350 ost
996 2292 1029 2348 in
1053 2310 1126 2348 anno
1157 2291 1315 2348 millesimo
1344 2307 1409 2347 cen·

358 2377 463 2432 tesimo
482 2378 725 2450 quinquagesimo
744 2384 826 2436 sexto
843 2380 881 2435 ab
898 2377 1101 2436 iucarnatione
1113 2377 1241 2446 Domini,
1256 2383 1287 2434 et
1297 2375 1410 2434 decimo

359 2462 483 2534 septimo
500 2463 639 2521 kalendas
658 2462 751 2521 Junii.
788 2463 903 2522 Valete.

718 2774 842 2842 DXIV.
867 2777 915 2842 Dc
934 2776 1051 2843 codem.

193 2939 261 2995 AD.
277 2950 340 2994 1149
396 2939 549 2996 Universis
581 2940 694 2996 Sanctae
724 2939 828 2997 Mettis
857 2940 999 2998 Ecclesiae
1035 2939 1114 3006 filiis,
1145 2938 1316 3007 Nicholsua
1353 2936 1410 2995 Dei

193 3016 285 3060 4183.
362 3026 459 3098 gratia
476 3023 674 3081 Landavcneis
692 3025 856 3098 episcopus,
876 3026 1001 3082 salutem
1019 3032 1050 3082 et
1065 3024 1305 3082 benedictionem.

194 3091 282 3143 osthe
396 3109 522 3165 Noverit
539 3109 645 3166 caritas
667 3115 774 3175 vestra,
794 3110 873 3182 quod
899 3109 1094 3175 concedimus,
1114 3115 1145 3166 et
1168 3108 1305 3181 prasenti
1330 3115 1411 3165 carta

192 3173 268 3209 me·
360 3195 574 3258 confirmamus,
604 3192 736 3250 ecclesia
776 3194 876 3251 Sancti
911 3195 994 3252 Petri
1030 3194 1221 3252 Glouoostriae
1256 3193 1409 3250 ecclesiam

362 3278 462 3334 Sancti
480 3277 608 3333 Gundlei
635 3278 671 3332 dc
696 3278 781 3333 Novo
806 3278 908 3350 Burgo
935 3297 1002 3333 cum
1027 3279 1161 3335 omnibus
1188 3278 1226 3334 ad
1252 3296 1317 3334 eam
1343 3295 1408 3350 per·

360 3362 530 3419 tinentibus.
578 3362 734 3418 celebrata
762 3380 888 3433 namque
921 3363 1032 3435 synodo
1058 3363 1137 3436 apud
1166 3362 1297 3436 Kayrdif
1320 3362 1409 3418 totius

360 3448 443 3514 oleri,
462 3447 662 3503 recordatione
686 3447 876 3519 cognovimus
907 3447 1029 3502 eandem
1058 3447 1095 3503 od
1122 3447 1172 3519 jus
1202 3447 1409 3502 monachorum
1493 3471 1496 3478 ·

361 3532 553 3589 Glaucestriae
583 3532 740 3604 pertinere,
773 3539 803 3588 et
837 3532 1020 3604 praecedente
1050 3532 1159 3587 domini
1190 3531 1411 3588 cantuariensis

360 3617 506 3683 mandato,
539 3623 568 3673 et
605 3616 686 3688 regis
716 3615 841 3671 Henrici
868 3615 994 3687 junioris
1030 3622 1185 3687 praecepte,
1219 3615 1410 3672 Hamelinum

361 3701 496 3757 abbatem
509 3700 701 3757 Glouceetriae
719 3699 766 3756 et¹
785 3700 941 3756 monachos
959 3718 1028 3756 suos
1046 3701 1198 3757 retroactis
1218 3717 1282 3757 eam
1300 3706 1409 3772 tempo·

361 3784 444 3841 ribus
473 3785 638 3857 possedisse
665 3785 806 3857 legitimis
825 3785 949 3842 testibus
975 3785 1184 3856 comprobavit,
1204 3791 1235 3842 et
1258 3784 1410 3857 probatam

361 3870 574 3942 possessionem
609 3869 701 3926 totius
741 3869 846 3940 synodi
880 3869 993 3942 judicio
1022 3869 1215 3942 recuperavit.
1264 3869 1410 3926 Volumus

360 3954 455 4025 igitur
472 3961 503 4010 ot
520 3955 706 4026 praecipimus
719 3959 753 4008 ut
770 3954 905 4009 monachi
924 3954 1115 4011 Glouoestriae
1128 3955 1226 4028 quiete
1243 3955 1411 4026 possideant

360 4040 392 4098 in
421 4044 595 4112 perpetuum
624 4038 793 4112 predictam
826 4039 979 4096 ecclesiam
1008 4057 1076 4096 cum
1107 4040 1241 4097 omnibus
1270 4037 1309 4096 sd
1344 4057 1409 4095 eam

360 4123 583 4197 pertinentibus.
619 4123 659 4180 nt
682 4142 718 4180 ne
737 4124 773 4179 ab
792 4123 891 4195 aliquo
910 4124 1045 4196 deinceps
1064 4123 1174 4195 injuste
1193 4143 1281 4196 super
1307 4123 1410 4180 eadem

361 4207 502 4279 fatigetur
521 4208 575 4263 sub
594 4208 777 4264 anathemato
796 4208 992 4280 prohibemns.

362 4339 555 4348 ——-.-—-·-
560 4339 752 4350 —a—-w-—a—
762 4340 1198 4350 --—-——-———-—-————-—
1204 4341 1372 4349 ———---—-·-
1378 4341 1405 4349 ,ιι

727 4457 733 4486 ¹
752 4455 787 4521 a]
807 4454 976 4508 amman
988 4456 1044 4509 ns.
