3218 5640
506 799 531 845 Sc
555 797 655 847 rml
679 795 933 845 GwUCES'l'BIAE

508 1115 723 1182 CCCCLXV.
748 1117 942 1181 Murewent.

234 1283 333 1340 Sciant
350 1296 507 1356 presentes
525 1296 556 1341 et
573 1286 676 1351 futuri,
691 1286 769 1357 quod
785 1303 842 1357 ego
855 1283 1004 1339 Hernicus
1022 1281 1058 1337 de
1071 1282 1247 1350 Maysmore,
1264 1288 1300 1335 Of
1309 1286 1392 1337 Mare·

197 1367 276 1422 filius
293 1368 436 1423 Wiltelmi
457 1369 603 1424 forestarii
627 1370 664 1424 do
682 1370 876 1440 Mayesmore,
896 1367 1036 1431 concessi,
1057 1374 1087 1422 et
1113 1366 1249 1436 praesenti
1262 1365 1335 1404 '‘¹³¹-

198 1464 279 1507 tarta
295 1470 361 1508 1103
384 1454 562 1517 confirmavi,
583 1453 710 1508 Johanni
737 1455 773 1508 de
795 1453 958 1508 Codestone
984 1470 1072 1507 unam
1097 1450 1249 1505 dimidiam

198 1537 342 1608 virgatam
360 1546 447 1592 terrae
472 1557 540 1592 cum
566 1539 701 1592 omnibus
727 1539 913 1608 pertinentiis
942 1537 1004 1591 suis
1031 1536 1063 1590 in
1080 1535 1247 1596 Murcwent,

198 1621 280 1675 issam
307 1622 421 1677 scilicet
451 1641 538 1694 quam
565 1630 763 1678 antecessores
791 1624 848 1677 mei
877 1632 908 1676 et
933 1639 990 1692 ego
1011 1619 1194 1675 haereditario
1213 1618 1249 1671 dc

198 1705 300 1760 abbate
318 1717 349 1761 et
365 1714 509 1761 conventu
527 1707 698 1762 Glocestriae
724 1709 889 1773 tenuimus;
918 1705 1071 1760 tenendam
1097 1712 1128 1758 et
1144 1703 1250 1757 haben-

199 1788 265 1844 dam
294 1791 326 1844 in
355 1791 439 1845 feodo
465 1799 495 1846 et
520 1792 691 1847 haereditate
717 1793 753 1846 de
777 1811 824 1846 me
850 1803 880 1846 et
896 1791 1062 1845 heredibus
1088 1789 1173 1851 meis,
1193 1787 1249 1841 sibi

199 1888 230 1928 et
252 1874 417 1929 heredibus
444 1877 504 1929 suis
531 1877 593 1930 sive
618 1877 775 1947 assignatis
802 1877 863 1930 suis
891 1888 922 1930 et
945 1874 1110 1930 haeredibus
1138 1890 1248 1936 eorum,

200 1957 262 2011 sine
288 1960 388 2030 aliqua
410 1960 602 2014 diminutione
621 1961 669 2014 vel
688 1961 884 2016 subtractione
911 1960 949 2014 ad
976 1977 1048 2030 opus
1076 1976 1174 2012 meum
1203 1955 1257 2011 vel.

202 2041 351 2097 haerednm
368 2061 510 2099 meorum.

236 2127 394 2182 Reddendo
427 2128 494 2182 inde
525 2130 675 2185 mnuatim
712 2129 785 2184 mihi
825 2136 854 2183 ct
892 2127 1058 2182 haeredibus
1096 2126 1170 2182 meis
1200 2145 1250 2182 sex

201 2211 308 2266 solidos
326 2212 364 2266 ad
382 2222 507 2283 quatuor
531 2215 598 2268 anni
626 2215 776 2278 terminos,
797 2214 935 2269 videlicet
961 2213 999 2267 ad
1024 2214 1132 2266 festmn
1151 2212 1248 2266 Sancti

201 2296 354 2351 Michaelis
373 2297 533 2352 octodecim
557 2299 701 2362 denarios,
721 2299 760 2353 ad
785 2299 894 2353 festum
914 2297 1014 2353 Sancti
1030 2296 1156 2352 Andreae
1175 2302 1250 2350 octo·

201 2379 295 2435 decim
321 2381 465 2447 denarios,
492 2382 530 2436 ad
555 2383 818 2438 Annunciationem
843 2383 942 2438 Beatae
959 2382 1063 2436 Mariae
1089 2380 1249 2436 octodecim

200 2463 342 2529 darios,
364 2464 401 2519 ad
425 2465 617 2520 Nativitatem
645 2467 729 2521 Beati
754 2467 897 2522 Johannis
925 2467 1067 2537 Baptistae
1091 2465 1249 2520 octodecim

200 2547 343 2613 1101111103,
362 2567 417 2621 pro
434 2551 568 2605 omnibus
587 2552 717 2606 servitiis
735 2557 765 2605 et
782 2552 970 2607 saecularibus
989 2550 1150 2614 domandis,
1169 2549 1251 2603 salso

199 2633 294 2704 regati
305 2634 435 2689 servitio.
473 2635 512 2690 Et
524 2653 580 2706 ego
591 2653 661 2690 vero
672 2635 821 2691 Hem-icus
839 2644 870 2691 et
886 2635 1018 2690 heredes
1035 2635 1094 2690 mei
1111 2634 1251 2706 predicto

200 2716 327 2772 «Iohanni
345 2728 376 2772 et
392 2718 558 2774 haeredibus
577 2721 639 2775 suis
658 2720 721 2775 sive
739 2721 897 2791 assignatis
916 2720 978 2775 suis
997 2727 1147 2775 eteorum
1159 2719 1250 2773 hiere·

200 2801 287 2857 dibus
303 2802 472 2874 predictam
490 2804 641 2858 dimidiam
660 2807 807 2876 tirgatam
825 2812 911 2859 terrae
929 2823 997 2860 cum
1015 2805 1150 2860 omnibus
1163 2803 1250 2874 perti·

199 2887 304 2942 nentiis
323 2888 385 2942 suis
410 2895 511 2942 contra
531 2907 632 2944 omnes
650 2889 784 2944 homines
811 2898 842 2944 et
862 2890 996 2945 soeminas
1022 2890 1054 2944 in
1077 2891 1351 2961 perpetnnmtltl.

199 2971 461 3037 varmtizabimus
490 2979 520 3027 et
546 2973 582 3028 de
610 2975 745 3028 omnibus
774 2974 861 3028 rebus
889 2992 942 3045 pro
969 2973 1109 3044 praedicto
1134 2972 1252 3027 redditu

200 3056 422 3125 aquictabimus.
461 3058 496 3112 Si
513 3075 583 3112 vero
601 3059 760 3129 contigerit
777 3076 825 3113 110
844 3064 909 3112 ante
927 3058 1108 3129 Margeriam
1132 3075 1250 3112 uxorem

201 3158 296 3195 meam
307 3140 403 3205 mori,¹
422 3142 533 3214 etipsa
551 3142 649 3196 dotem
667 3143 829 3198 secundum
847 3143 946 3213 legem
964 3150 995 3198 et
1012 3142 1252 3198 consuetudinem

200 3234 287 3279 teme
299 3226 535 3297 interrogaverit,
555 3226 688 3282 haeredes
707 3228 766 3282 mei
792 3228 856 3282 siue
880 3227 959 3281 omni
977 3226 1203 3282 contradictione
1222 3233 1253 3280 et

201 3309 408 3380 impedimento
426 3310 520 3364 eidem
540 3310 575 3364 de
595 3311 653 3364 3113
672 3319 751 3366 terra
779 3330 845 3367 mea
864 3312 900 3365 de
918 3311 1102 3381 Mayesmcro
1122 3310 1252 3382 plenarie

202 3394 389 3448 satisfacient
427 3394 565 3465 obligavi
584 3396 672 3450 ctiam
700 3414 757 3459 me,
778 3415 812 3449 ex
837 3415 919 3450 mera
937 3396 1087 3451 voluntate
1105 3414 1179 3459 mea,
1200 3413 1253 3465 pro

202 3496 250 3532 mo
266 3485 296 3532 et
321 3479 455 3534 omnibus
480 3479 646 3533 haeredibus
675 3480 758 3545 meis,
782 3480 819 3534 ad
846 3479 1054 3550 aquietandum
1079 3479 1253 3550 predictum

203 3562 364 3616 Iohannem
391 3572 422 3617 et
451 3563 581 3618 haeredes
611 3582 678 3619 suos
705 3564 768 3618 sive
799 3565 963 3634 assignatos
987 3582 1066 3629 snos,
1095 3569 1125 3617 et
1152 3581 1252 3616 eorum

202 3647 342 3711 heredes,
362 3647 398 3702 de
416 3647 533 3702 redditu
555 3656 586 3702 et
610 3649 744 3703 omnibus
762 3648 830 3703 aliis
850 3649 978 3703 servitiis
997 3665 1100 3702 versus
1119 3647 1253 3701 abbatem

202 3739 233 3786 et
249 3742 422 3786 conventum
441 3732 633 3788 Gloueestriae
652 3741 682 3788 et
699 3752 803 3788 versus
821 3733 904 3788 alios.
943 3733 1027 3801 Quod
1052 3734 1079 3787 si
1101 3751 1159 3786 non
1178 3734 1252 3786 seoc-

203 3816 305 3879 n'mus,
325 3815 426 3870 licebit
446 3815 542 3869 eidem
561 3817 687 3872 Jchsnni
703 3826 733 3872 et
751 3817 917 3871 haeredibus
936 3818 998 3872 suis
1012 3818 1074 3871 sive
1092 3816 1252 3886 assignatis

204 3899 266 3953 suis
292 3909 323 3954 et
340 3918 440 3954 eorum
468 3900 643 3966 haeredibus,
672 3902 849 3972 distringere
877 3909 1074 3956 tenementum
1099 3919 1197 3955 meum
1215 3900 1252 3954 dc

203 3983 386 4054 113ςο311013
410 3985 472 4037 sine
497 3986 576 4038 omni
602 3985 827 4041 contradictione
853 3987 912 4040 mei
930 3986 978 4041 vel
1003 3984 1152 4042 haredum
1175 4002 1254 4042 meo·

203 4087 280 4134 rum,
300 4087 393 4139 usquc
417 4069 546 4139 plenarie
564 4089 614 4126 eos
632 4072 892 4142 aquieteverimus,
913 4077 969 4127 cto.

225 4255 437 4264 um
444 4257 712 4264 -οκ-ι--ψο-η
727 4258 845 4265 *—

322 4384 327 4414 ¹
346 4382 376 4434 In
389 4385 431 4436 the
443 4385 498 4436 MS.
511 4385 553 4436 the
564 4387 573 4434 i
584 4387 609 4436 in
622 4385 672 4435 this
684 4387 751 4435 word
764 4382 785 4435 is
797 4385 896 4435 tritten
909 4401 975 4449 upon
986 4402 1018 4436 an
1030 4400 1136 4437 erasure
