3218 5640
370 754 434 818 154
636 766 885 819 cansnmmon
908 768 1118 819 nouasraan

197 946 348 1014 OfUlling-
366 939 483 996 Thomas
502 943 600 998 abbati
618 949 648 998 ot
665 945 813 1000 monachis
825 945 935 1001 ibidem
953 946 1015 1002 Deo
1028 944 1231 1009 servientibus,
1251 961 1305 1014 pro
1318 942 1412 998 salute

195 1013 268 1064 vilre.

365 1026 470 1080 animm
481 1044 554 1080 mem
566 1033 596 1082 et
608 1034 824 1086 antecessorum
836 1048 977 1097 meorum,
990 1035 1082 1086 totam
1092 1036 1206 1101 partem
1217 1046 1313 1083 meam
1324 1044 1413 1099 quam

364 1109 453 1165 habui
470 1111 501 1165 in
519 1111 671 1167 Fridmore
694 1114 772 1186 apud
794 1114 982 1186 Ullingwike,
1008 1115 1038 1169 in
1062 1133 1165 1188 puram
1188 1120 1219 1169 et
1241 1119 1415 1185 perpetuam

363 1194 558 1263 elemosinam,
578 1197 700 1254 liberam
719 1206 749 1255 et
767 1199 895 1270 quietam
914 1200 949 1254 ab
967 1200 1046 1254 omni
1065 1199 1194 1255 servitio.

397 1281 482 1336 Hanc
501 1288 600 1337 autem
618 1282 802 1340 donationem
820 1302 915 1340 meam
927 1302 1001 1340 anno
1020 1284 1181 1340 Dominicae
1200 1281 1415 1339 Incarnationis

362 1365 518 1421 millesimo
536 1369 695 1424 centesimo
721 1369 909 1441 nonagesimo
935 1368 1071 1433 secundo,
1091 1368 1140 1423 die
1166 1366 1265 1423 Sancti
1284 1365 1415 1423 Oswaldi

362 1449 491 1505 martiris
509 1451 601 1506 obtuli
619 1470 672 1523 per
689 1459 802 1509 textum
829 1471 917 1524 super
937 1455 1029 1510 altare
1055 1451 1156 1509 Sancti
1173 1451 1255 1508 Petri
1274 1450 1416 1507 Glauces·

360 1532 426 1588 tria
443 1534 473 1588 in
491 1536 645 1604 prasentia
662 1539 753 1595 totius
771 1544 939 1594 conventus.

397 1617 480 1686 Quod
498 1620 568 1690 quia
595 1629 692 1677 ratum
719 1629 749 1678 et
773 1620 994 1680 inconvulsum¹
1021 1638 1139 1678 manere
1166 1619 1232 1678 volo
1258 1618 1415 1692 praesentis

361 1707 457 1759 carta,

669 1970 886 2039 DOLXXXI.
909 1972 960 2038 Do
981 1971 1098 2039 eodem.

400 2131 500 2188 Sciant
517 2137 674 2204 praesentes
693 2139 722 2186 et
748 2133 849 2199 futuri,
870 2133 948 2204 quod
973 2150 1029 2203 ego
1056 2130 1224 2187 Gilebertus
1250 2127 1414 2194 Giffardns,

262 2247 270 2263 ο
362 2234 484 2272 assensu
501 2216 610 2271 domini
629 2227 659 2274 ot
677 2217 776 2273 fratris
794 2218 852 2272 moi
870 2217 993 2274 Walteri
1013 2215 1135 2281 Giffard,
1148 2214 1216 2270 dedi
1233 2223 1264 2270 et
1281 2213 1417 2270 concessi

362 2302 494 2357 ecclesias
513 2302 612 2362 Sancti
630 2302 712 2358 Petri
731 2301 911 2368 Glocestrim,
931 2308 961 2356 ot
978 2300 1075 2357 abbati
1094 2306 1124 2356 et
1141 2298 1289 2354 monachis
1300 2297 1417 2354 ibidem

362 2385 425 2441 Deo
444 2386 648 2454 servientibus,
668 2404 721 2457 pro
739 2387 834 2442 salute
852 2386 955 2442 anima
973 2403 1047 2442 mota
1065 2389 1095 2441 et
1122 2383 1224 2439 unimae
1248 2383 1312 2453 jam
1342 2381 1418 2438 dicti

362 2470 462 2526 fratris
481 2476 511 2525 et
529 2471 639 2525 domini
656 2469 715 2523 mei
733 2469 857 2525 Walteri
876 2468 1009 2534 Giffardi,
1030 2475 1060 2524 et
1077 2486 1130 2540 pro
1148 2467 1300 2524 animabus
1319 2467 1418 2538 patris

361 2560 392 2609 ot
409 2553 512 2610 matris
531 2559 651 2609 memet
674 2559 890 2611 antecessorum
913 2571 1055 2620 meorum,
1076 2553 1148 2608 duas
1171 2552 1302 2622 virgatas
1327 2557 1420 2606 terrm

361 2637 393 2691 in
410 2637 590 2709 Ullingvvike
608 2655 680 2708 quaa
698 2639 838 2709 praefatus
856 2639 990 2695 dominus
1009 2643 1039 2693 et
1056 2638 1146 2693 frater
1164 2654 1246 2692 meus
1264 2634 1420 2692 Walter-ua

361 2740 415 2792 pro
434 2723 554 2778 servitio
572 2727 603 2779 et
620 2723 756 2795 homagio
774 2741 840 2779 mco
857 2722 932 2778 mihi
958 2723 1047 2788 dedit,
1067 2728 1097 2778 et
1123 2727 1204 2777 carta
1230 2738 1285 2777 sua
1311 2718 1420 2775 confir·

361 2806 471 2872 mavit;
497 2806 610 2862 scilicet
626 2807 772 2878 virgatam
789 2807 872 2863 illam
890 2825 978 2878 quam
996 2807 1144 2864 Walterus
1163 2806 1199 2861 de
1217 2803 1422 2876 Baggevvrthe

363 2891 467 2955 tenuit,
487 2895 518 2946 et
535 2889 686 2947 dimidiam
698 2891 845 2964 virgatam
857 2910 945 2963 quam
957 2891 1125 2947 Gilcbertus
1142 2890 1288 2945 bubulcus
1307 2888 1418 2955 tenuit,

362 2981 393 3030 et
410 2974 562 3030 dimidiam
579 2975 725 3047 virgatam
744 2995 808 3048 qum
827 2977 885 3032 fuit
902 2976 1023 3032 Roberti
1040 2976 1095 3031 filii
1112 2974 1255 3041 Walteri;
1275 2972 1421 3030 tenendae

362 3059 399 3113 de
417 3076 464 3113 mo
482 3060 514 3114 in
532 3077 635 3131 puram
652 3066 682 3117 et
699 3067 871 3133 perpetuam
895 3060 1091 3127 elemosinam,
1111 3059 1220 3115 liberas
1244 3064 1275 3114 et
1298 3058 1419 3128 quietas

362 3143 399 3198 ab
429 3145 507 3199 omni
533 3145 662 3210 servitio,
683 3152 804 3216 excepto
829 3145 950 3202 servitio
974 3144 1078 3215 regali,
1106 3162 1159 3215 pro
1184 3143 1285 3199 decem
1311 3141 1420 3199 solidis

362 3228 513 3284 annuatim
536 3228 692 3286 reddendis
720 3230 833 3286 duobus
857 3230 1000 3296 terminis,
1026 3228 1213 3285 medietatem
1237 3229 1275 3283 ad
1292 3227 1421 3283 Annun-

362 3312 518 3369 ciationem
547 3313 647 3369 Beata
676 3314 788 3381 Mariae,
826 3320 857 3372 et
885 3314 1070 3370 medietatem
1100 3314 1138 3368 ad
1173 3314 1282 3369 festum
1314 3312 1421 3368 Sancti

361 3397 526 3454 Michaelis.
563 3398 637 3455 Post
648 3397 802 3455 decessum
820 3405 918 3455 autem
929 3417 1028 3455 meum
1040 3398 1232 3454 remanebunt
1245 3397 1309 3468 jam
1328 3397 1421 3454 dictae

361 3483 485 3552 virgatas
499 3488 585 3538 terra
597 3483 729 3540 ecclesiia
742 3484 827 3539 Beati
839 3484 921 3539 Patri
939 3483 1140 3549 Glonoestriae,
1153 3483 1247 3537 libero
1259 3488 1290 3537 et
1303 3483 1419 3553 quieta,

361 3565 391 3619 in
421 3573 605 3638 perpetuum,
626 3586 678 3639 pro
708 3586 767 3624 una
796 3568 873 3623 libra
901 3568 1003 3624 cimini
1028 3585 1116 3639 quam
1141 3568 1264 3639 praefata
1289 3568 1422 3625 ecelesia

362 3650 455 3706 solvet
482 3653 632 3707 annuatim
657 3652 695 3707 ad
720 3653 828 3708 Natale
847 3652 965 3708 Domini
991 3653 1217 3724 saepenominato
1241 3652 1363 3708 domino
1389 3658 1422 3710 et

362 3735 446 3789 fratri
464 3753 529 3790 meo
547 3736 689 3792 Walterio
707 3736 754 3792 vel
773 3736 939 3794 herodibus
957 3738 1029 3794 suis.
1066 3738 1104 3794 In
1115 3737 1200 3793 initio
1212 3743 1313 3794 autem
1325 3737 1420 3809 hujus

361 3819 560 3876 conventionis
578 3819 661 3875 dedit
677 3820 752 3874 mihi
770 3821 905 3877 dominus
924 3822 1012 3878 abbas
1036 3829 1067 3878 et
1089 3830 1248 3880 conventus
1273 3821 1420 3881 Glouces·

361 3903 426 3958 triae
444 3903 517 3959 duas
535 3922 648 3959 marcae
666 3905 791 3976 argenti.

397 3988 481 4056 Quod
515 3989 585 4058 quia
614 3995 712 4044 ratum
741 3996 772 4044 et
800 3989 1004 4048 inconvulsum
1034 4009 1151 4049 manere
1180 3991 1256 4059 volo,
1282 4010 1420 4064 praesens

363 4072 514 4143 scriptum,
530 4072 630 4144 sigillo
648 4091 714 4128 meo
732 4091 859 4145 appenso
872 4077 1083 4142 confirmatum,
1097 4078 1195 4133 abbati
1214 4084 1243 4132 et
1260 4081 1419 4136 monachis

364 4157 554 4213 Glouoestriia
573 4157 691 4223 tradidi,
711 4157 848 4230 idemque
867 4161 1017 4232 scriptum,
1038 4162 1134 4219 diviso
1151 4164 1228 4218 inter
1251 4181 1305 4219 nos
1331 4182 1420 4237 cyro·

363 4242 474 4313 grapho
504 4242 696 4313 impressione
726 4242 820 4314 sigilli
850 4245 981 4302 ecclesiae
1011 4246 1096 4304 Beati
1114 4247 1196 4304 Petri
1221 4246 1419 4307 Gloecestriae

363 4327 483 4392 munito,
503 4344 592 4398 penes
610 4345 658 4382 me
676 4327 794 4383 retinui.
833 4325 901 4385 Hiis
920 4331 1054 4386 testibus.

652 4639 658 4672 ¹
676 4648 700 4691 et
711 4638 886 4709 inconsultatis]
905 4643 1019 4708 repeated
1031 4641 1058 4694 ln
1070 4642 1127 4697 MS.
