3218 5640
377 775 442 846 274
659 789 910 840 esarumruuu
931 788 1140 840 uoussruau

377 967 458 1034 suis3
490 965 645 1022 tenendam
675 972 705 1021 et
740 964 903 1020 habendam
932 968 1023 1020 tetam
1052 965 1221 1037 praedictam
1251 970 1362 1022 terram
1392 963 1430 1018 de

377 1053 462 1107 nobis
481 1058 511 1107 et
535 1051 754 1107 successoribus
772 1050 890 1115 nestris,
911 1050 968 1105 sibi
993 1055 1023 1105 et
1040 1051 1151 1122 Agneti
1168 1051 1251 1106 irxori
1269 1070 1341 1115 sura,
1362 1067 1429 1121 quae

378 1137 435 1191 suit
452 1137 514 1191 filia
531 1135 679 1207 Radulpbi
699 1135 820 1199 sellariis
840 1141 871 1190 et
896 1134 1024 1190 Roberto
1049 1135 1244 1206 primogenito
1269 1134 1429 1190 eorundem

377 1220 447 1285 filio,
461 1221 563 1286 libere,
578 1220 685 1292 quiete,
700 1220 782 1282 bene,
803 1226 834 1274 et
851 1220 882 1273 in
899 1236 980 1289 pace,
1000 1217 1038 1272 ad
1055 1219 1214 1274 terminum
1232 1220 1302 1274 vitae
1314 1235 1427 1273 comm.

413 1304 573 1360 Reddendo
591 1305 659 1360 inde
678 1305 827 1359 annuatim
845 1303 929 1358 nobis
948 1309 978 1358 ct
996 1305 1213 1359 successoribus
1228 1305 1334 1359 nostris
1353 1304 1428 1358 duos

376 1390 485 1445 solidos
516 1390 726 1460 sterlingorum
756 1388 794 1442 ad
823 1388 897 1442 duos
927 1387 995 1441 anni
1025 1389 1163 1443 terminos
1178 1411 1191 1454 ;.
1222 1389 1361 1444 videlicet
1391 1386 1429 1442 ad

375 1474 640 1530 Annunciationem
653 1474 752 1529 Beata
764 1472 867 1526 Mariae
885 1471 1039 1526 duodecim
1058 1471 1201 1538 denarios,
1216 1479 1246 1528 et
1263 1472 1301 1527 ad
1320 1473 1428 1527 festum

376 1559 461 1615 Beati
491 1558 647 1614 Michaelis
678 1556 832 1612 duodecim
862 1555 1006 1620 denarios,
1037 1573 1091 1626 pro
1126 1557 1205 1612 omni
1241 1557 1363 1613 servitio
1399 1561 1431 1612 et

375 1636 565 1699 saecularibus
597 1643 760 1698 actionibus
791 1647 821 1696 et
856 1640 1007 1695 domandis
1038 1640 1075 1694 ad
1110 1658 1163 1696 nos
1192 1643 1428 1713 pertinentibus;
1483 1635 1489 1645 '

375 1727 465 1782 salvis
484 1727 568 1781 nobis
588 1727 718 1797 aequetis
737 1725 826 1780 curiae
844 1731 952 1779 nostra
965 1723 1001 1777 de
1014 1724 1219 1795 Hynehamme
1237 1727 1284 1782 bis
1302 1728 1333 1781 in
1352 1746 1429 1782 anno

375 1829 442 1865 eum
459 1811 562 1865 liberis
582 1811 751 1866 bominibus
772 1809 881 1863 nostris
902 1808 938 1862 ab
957 1807 1068 1863 eisdem
1087 1809 1238 1865 faciendis.
1275 1810 1338 1866 Nos
1357 1829 1430 1867 vero

374 1901 406 1950 et
423 1912 606 1951 successoros
625 1894 718 1949 nostri
743 1898 833 1949 totam
852 1892 1021 1963 praedietam
1038 1898 1157 1958 terram,
1177 1913 1244 1949 cum
1261 1897 1428 1968 mesuagio,

374 1986 406 2035 et
440 1979 614 2034 omnimodis
645 1979 711 2034 aliis
742 1976 927 2049 pertinentiis
957 1977 1028 2040 suis,
1059 1977 1209 2048 praedictis
1239 1978 1369 2034 Roberto
1399 1986 1430 2034 et

373 2063 485 2135 Agneti
511 2063 596 2118 uxori
624 2080 694 2128 sure,
715 2066 745 2116 et
763 2061 891 2115 Roberto
915 2060 1110 2132 primogenito
1137 2063 1305 2128 eorundem,
1325 2069 1430 2121 contra

374 2164 475 2202 omnes
505 2147 644 2202 mortales
680 2144 944 2209 warantizabimus,
982 2150 1012 2200 et
1048 2144 1246 2212 defendemus,
1285 2149 1429 2220 quamdiu

275 2242 282 2255 ·
374 2230 509 2288 vixerint.
547 2231 606 2286 Pro
624 2231 679 2286 hae
697 2237 795 2286 autem
813 2229 997 2284 concessione
1016 2234 1047 2285 et
1063 2229 1220 2286 traditione
1239 2232 1321 2288 dedit
1341 2234 1428 2288 nobis

374 2316 471 2371 dictus
500 2315 646 2370 liebertus
672 2315 702 2368 le
728 2315 810 2370 Wise
837 2331 887 2368 sex
913 2331 1025 2368 marcas
1054 2308 1168 2384 argenti
1194 2334 1255 2386 prm
1278 2319 1427 2374 manibus.

373 2400 447 2456 Post
458 2400 612 2455 decessum
623 2416 694 2454 vcro
706 2398 837 2469 ipsorum
855 2402 917 2452 tota
927 2402 1007 2452 terra
1019 2399 1167 2469 praedicta,
1182 2417 1248 2455 cum
1260 2404 1426 2473 mesuagio,

374 2490 404 2539 et
422 2485 557 2539 omnibus
576 2484 642 2538 aliis
661 2482 846 2554 pertinentiis
865 2481 937 2547 suis,
957 2481 994 2536 ad
1011 2500 1064 2537 nos
1083 2483 1174 2537 libere
1192 2491 1368 2542 revertetur.

409 2569 445 2623 In
464 2568 548 2640 cujus
567 2568 610 2622 rei
628 2567 830 2623 testimonium
847 2582 976 2636 praesens
995 2566 1138 2638 seriptum
1157 2567 1187 2622 in
1206 2570 1325 2624 modum
1344 2590 1429 2643 cyro·

373 2653 478 2725 graphi
506 2654 584 2707 inter
609 2669 661 2707 nos
687 2652 850 2705 confectum
876 2657 930 2714 est,
954 2650 1039 2720 cujus
1066 2669 1154 2705 unam
1179 2660 1303 2723 partem,
1324 2657 1428 2727 sigillo

373 2743 473 2792 nostro
485 2737 638 2800 munitam,
652 2736 730 2790 dicte
743 2734 873 2788 Roberto
886 2733 1071 2798 tradidimus,
1086 2735 1207 2790 alteram
1217 2755 1288 2792 vero
1301 2747 1425 2810 partem,

374 2820 474 2891 sigillo
493 2821 563 2876 dicti
583 2819 704 2876 Roberti
724 2819 897 2884 roboratam,
917 2837 1005 2890 penes
1026 2816 1105 2890 [nos]
1124 2821 1310 2887 retinuimus,
1331 2831 1387 2879 cte.

624 3090 863 3160 DCOOLXIV.
887 3093 937 3161 Dc
956 3097 1167 3183 protectione.

204 3242 271 3293 M).
287 3250 349 3296 1148
409 3247 599 3320 Stephanus,¹
618 3268 668 3305 rex
692 3250 819 3321 Angliae,
848 3251 983 3308 omnibus
1007 3253 1193 3323 justiciariis,
1213 3260 1244 3311 et
1268 3256 1427 3312 vicecomi-

203 3315 294 3362 ‘¹¹⁵⁴·
371 3332 462 3398 tibus,
483 3338 513 3388 et
530 3334 697 3399 baronibus,
718 3342 748 3390 ct
771 3335 915 3392 ministris
940 3338 1012 3402 suis,
1032 3344 1062 3395 et
1080 3339 1215 3396 fidelibus
1240 3342 1313 3405 suis,
1333 3343 1427 3398 totius

204 3398 346 3477 prrotec·
371 3417 498 3489 Angliae,
520 3419 652 3474 salutem.

202 3473 263 3516 ”⁰¹¹¹
408 3503 517 3558 Sciatis
549 3504 626 3575 quod
649 3504 835 3570 Hamelinus,
863 3506 951 3561 abbas
978 3506 1179 3572 Gloucestriae,
1199 3515 1230 3564 et
1254 3511 1355 3567 omnia
1374 3531 1429 3568 sua

372 3592 441 3641 sunt
466 3589 496 3642 in
523 3606 588 3642 meo
616 3590 697 3644 salvo
725 3590 879 3655 conductu,
899 3599 929 3645 et
957 3584 997 3645 in‘
1013 3609 1079 3647 mea
1104 3594 1188 3648 firma
1212 3613 1301 3665 pace:
1333 3615 1427 3668 quare

371 3671 438 3727 volo
451 3678 480 3726 et
498 3674 647 3745 pracipi0,
666 3674 744 3744 quod
762 3675 825 3745 ipse
839 3680 869 3730 et
886 3677 984 3730 omnia
995 3695 1049 3731 sua
1066 3684 1097 3732 et
1114 3696 1214 3734 omnes
1233 3681 1280 3734 sui
1299 3672 1428 3737 habeant

372 3756 487 3810 salvum
516 3757 559 3810 ire
586 3764 616 3811 ct
643 3764 720 3812 stare
746 3765 776 3812 ct
794 3759 891 3813 redire
917 3778 970 3830 per
994 3766 1084 3815 totam
1111 3780 1212 3833 pacem
1240 3782 1346 3819 meam.
1387 3767 1427 3821 Et

370 3839 470 3894 nullus
489 3842 650 3911 superbae
669 3859 736 3895 eum
754 3842 801 3896 vei
821 3859 868 3897 res
888 3861 955 3898 suas
975 3844 1082 3913 injuste
1101 3846 1255 3902 disturbet.

405 3923 543 3979 Testibus
562 3924 597 3979 R.
619 3926 654 3981 de
674 3926 759 3996 Luey
779 3931 809 3981 et
827 3926 953 3982 Ricardo
980 3927 1016 3983 de
1045 3929 1180 3986 Canvilia
1205 3932 1285 4004 apud
1304 3933 1426 3990 Winde·

370 4025 478 4064 soram,

690 4213 909 4308 DOCOLXV.
933 4215 1099 4285 Paestana

201 4363 352 4418 OsPrestou.
404 4369 505 4426 Sciant
522 4376 681 4442 presentes
709 4379 740 4427 et
758 4373 859 4438 futuri,
881 4375 958 4445 quod
986 4392 1041 4446 ego
1061 4376 1219 4444 Johannes,
1241 4380 1298 4436 Dei
1325 4387 1425 4455 gratia

200 4447 286 4499 salt.
367 4454 455 4511 abbas
475 4460 505 4510 et
523 4461 683 4512 conventus
704 4456 803 4513 Sancti
823 4459 905 4515 Petri
924 4459 1126 4528 Glaucestriur,
1146 4464 1283 4522 dedimus
1308 4475 1339 4523 et
1357 4488 1424 4525 cou-

499 4733 505 4761 ¹
524 4731 550 4778 A
562 4732 703 4796 repetition,
715 4735 777 4784 with
790 4736 933 4799 variminus,
946 4739 976 4787 of
988 4739 1037 4789 No.
1050 4740 1132 4791 DXL.
1145 4744 1224 4804 (aare,
1236 4760 1259 4809 p.
1274 4749 1329 4810 70).
