3218 5640
361 792 424 857 146
642 796 887 850 claramnium
909 792 1116 847 montereau

360 983 439 1039 tione
466 986 496 1037 et
522 979 674 1044 demanda,
702 982 732 1033 et
758 976 907 1032 habebunt
933 991 1117 1031 communem
1143 974 1221 1032 inter
1250 991 1303 1031 nos
1331 973 1410 1030 sieut

360 1084 436 1122 unus
455 1070 597 1121 nestrum.

397 1146 481 1215 Quod
499 1147 569 1217 quia
586 1148 683 1199 ratum
701 1160 766 1198 esse
784 1142 930 1207 volumus,
950 1158 1080 1212 praesens
1094 1138 1413 1213 scriptumscommunis

360 1231 453 1302 sigilli
471 1229 563 1287 nostri
581 1227 763 1301 appositione
782 1227 1027 1293 continuavimus,
1048 1232 1103 1283 etc.

679 1509 863 1576 DOLXVI.
888 1510 1079 1577 Decedam.

396 1695 538 1750 Ricardus
557 1695 636 1750 filius
655 1695 765 1750 Odonis
791 1696 827 1750 de
852 1695 991 1766 Wyttone
1018 1696 1211 1751 summonitus
1233 1698 1291 1753 fuit
1309 1697 1348 1752 ad
1364 1715 1412 1754 re·

360 1779 576 1851 spondendum¹
604 1779 702 1834 abbati
731 1779 924 1835 Gloucestrim
949 1779 986 1833 ds
1013 1780 1121 1850 placito
1146 1780 1224 1852 quod
1250 1783 1363 1837 faceret
1383 1784 1412 1837 ei

359 1871 497 1920 consueta
515 1869 545 1920 et
562 1870 643 1920 reeta
662 1865 784 1919 servitia
802 1864 838 1918 de
863 1864 957 1918 libero
983 1868 1150 1920 tenemento
1174 1883 1226 1921 suo
1245 1866 1275 1920 in
1293 1867 1412 1923 Wiehie

359 1955 390 2004 et
406 1949 545 2014 Wittone,
566 1954 633 2014 etc,
654 1954 684 2004 et
709 1949 777 2003 inde
804 1949 883 2003 idem
910 1947 1000 2002 abbas
1027 1950 1169 2019 queritur,
1190 1951 1268 2021 quod
1294 1950 1413 2006 desient

359 2041 440 2090 tenet
457 2033 493 2089 de
512 2052 546 2088 co
563 2051 652 2088 unam
670 2039 837 2088 carucatam
864 2039 952 2086 terrra
979 2050 1046 2086 eum
1071 2034 1255 2103 pertinentiis
1273 2035 1305 2089 in
1323 2035 1412 2091 wita

359 2119 444 2182 hene,
464 2124 494 2172 et
510 2135 599 2172 unam
617 2117 742 2172 salinam
760 2116 791 2170 in
808 2116 935 2180 wichte,
949 2117 1026 2170 unde
1045 2117 1151 2173 debent
1168 2119 1196 2172 ei
1213 2118 1339 2174 reddere
1356 2136 1412 2190 per

359 2220 467 2257 annum
485 2202 586 2256 decem
613 2200 723 2257 solidos
751 2219 804 2272 pro
829 2205 917 2264 terra,
937 2200 999 2255 ian.
1019 2201 1119 2258 mittas
1146 2204 1215 2258 salis
1232 2221 1286 2275 pro
1304 2205 1410 2271 salina,

359 2287 423 2358 ipse
442 2287 569 2341 detinuit
595 2286 623 2340 ei
652 2285 848 2356 qnadraginta
873 2284 981 2341 solidos
1008 2285 1044 2339 de
1070 2286 1209 2358 prendisto
1236 2289 1356 2344 redditu
1382 2296 1413 2345 et

357 2371 437 2426 iiii¹¹.
458 2372 556 2426 mittas
575 2370 655 2425 salis.
693 2369 778 2424 Unde
795 2370 890 2425 noluit
907 2368 1046 2425 damnum
1063 2371 1119 2427 sibi
1136 2373 1200 2429 fieri
1218 2391 1271 2445 pro
1289 2379 1411 2430 centum

359 2455 471 2511 solidis,

394 2540 434 2595 Et
451 2539 594 2594 Ricardua
612 2539 695 2594 venit
720 2542 749 2592 ct
774 2539 848 2594 bene
875 2541 1009 2595 coneedit
1032 2539 1110 2612 quod
1136 2545 1215 2596 tenet
1235 2543 1411 2613 praedictam

359 2631 470 2680 terram
488 2630 517 2679 et
542 2623 713 2694 praedictum
741 2623 864 2678 salinam
893 2641 946 2695 per
976 2624 1150 2696 praedictum
1179 2624 1337 2691 redditum,
1356 2627 1411 2683 sed

361 2708 492 2763 defendit
515 2707 593 2778 qnod
610 2725 667 2761 non
685 2706 772 2761 debet
790 2707 817 2761 ei
835 2712 879 2762 tot
897 2708 1056 2778 arreragia,
1083 2709 1135 2763 sed
1161 2713 1274 2765 tantum
1301 2711 1413 2781 viginti

362 2791 531 2856 solidescit
559 2790 667 2861 viginti
694 2797 819 2862 quatuor
845 2792 946 2847 mittas
977 2794 1057 2858 salis,
1077 2799 1107 2848 et
1135 2800 1255 2863 paratus
1285 2794 1352 2850 est²
1383 2797 1413 2852 ei

358 2875 492 2938 reddere,
512 2879 542 2930 et
559 2875 596 2929 ad
617 2875 671 2929 hoc
696 2876 809 2930 invenit
829 2874 901 2930 hos³
919 2876 1043 2946 plegios,
1064 2876 1224 2930 Ricardum
1241 2878 1337 2932 filium
1356 2878 1413 2934 Os·

359 2960 445 3025 berti,
467 2964 496 3014 et
515 2959 678 3014 Joeelinum
697 2960 791 3014 filium
816 2959 935 3014 Ricardi
955 2960 990 3014 de
1011 2960 1137 3024 wichte,
1159 2961 1209 3030 qui
1228 2968 1298 3016 sunt
1316 2963 1413 3035 plegii

359 3045 395 3100 de
420 3043 568 3116 praedietis
595 3044 765 3114 arreragiis,
792 3049 822 3098 et
847 3044 883 3097 de
911 3043 1028 3098 redditu
1056 3044 1145 3114 hujus
1165 3045 1231 3099 anni
1251 3046 1428 3112 reddendo„

359 3135 390 3184 et
407 3128 569 3183 concedunt
588 3128 666 3198 quod
684 3128 911 3199 distringantur,
931 3134 986 3184 ete.
1025 3128 1064 3183 Et
1086 3130 1230 3185 Ricardus
1252 3133 1411 3198 concessit,

358 3233 412 3286 pro
438 3231 470 3269 se
499 3220 528 3267 et
552 3212 719 3267 haeredibus
749 3213 821 3278 suis,
842 3213 921 3285 quod
946 3214 972 3268 si
994 3220 1060 3285 pest
1078 3232 1186 3269 annum
1203 3215 1362 3271 instantem
1381 3217 1414 3271 in

358 3303 508 3369 posterum
521 3296 681 3352 cessaverit
693 3297 724 3350 in
744 3296 886 3351 solutione
904 3297 1039 3368 prredieti
1056 3298 1197 3363 redditus,
1217 3299 1290 3353 bene
1308 3299 1415 3356 licebit

358 3382 498 3454 praedicte
522 3380 619 3436 abbati
643 3387 674 3435 et
692 3381 911 3436 successoribus
938 3399 1045 3452 ponere
1071 3399 1102 3436 sc
1120 3382 1152 3436 in
1169 3383 1318 3453 seysinam
1336 3402 1414 3455 proe-

358 3464 444 3521 diota
462 3471 549 3520 terrae
568 3471 598 3519 et
616 3464 726 3528 salinis,
748 3470 778 3519 et
796 3469 896 3519 tenere
918 3483 949 3520 se
974 3466 1004 3519 in
1023 3466 1141 3537 saysinu
1159 3484 1312 3538 quousque
1330 3467 1414 3524 idem

357 3549 501 3604 Ricardus
521 3549 697 3603 satisfecerit
715 3549 757 3603 eis
782 3554 842 3603 tarn
868 3549 904 3602 de
930 3549 1070 3620 prmdicte
1088 3550 1206 3604 redditu
1225 3569 1314 3621 quam
1333 3570 1415 3607 arre-

356 3633 458 3704 ragiis.
496 3633 536 3687 Et
556 3632 746 3688 securitatem
778 3633 821 3686 eis
847 3633 988 3703 praestitit
1011 3632 1047 3687 de
1072 3633 1211 3705 praedicte
1229 3634 1349 3691 redditu
1369 3637 1415 3693 aia

359 3716 517 3782 reddendo,
538 3722 593 3772 etc.

651 3968 852 4037 DOLXVII.
878 3968 928 4035 De
958 3967 1114 4056 Wellepc.

393 4147 495 4205 Sciant
511 4152 671 4220 praesentes
690 4154 720 4203 et
744 4147 845 4212 futuri,
867 4148 945 4218 qued
970 4165 1025 4218 ago
1044 4146 1217 4218 Radulphus
1236 4147 1273 4201 de
1292 4147 1411 4204 willin-

357 4240 424 4290 tone
452 4233 530 4298 dedi,
556 4233 695 4298 concessi,
724 4238 754 4287 et
778 4234 832 4287 hae
859 4238 1003 4304 praesente
1030 4238 1111 4287 carta
1137 4249 1202 4286 mea
1226 4232 1411 4298 continuavi,

341 4318 430 4383 'Deo‚
449 4324 479 4373 et
491 4318 622 4372 ecelesioe
642 4316 740 4372 Sancti
760 4317 843 4372 Petri
862 4316 1062 4381 Glaucestrira
1083 4322 1114 4371 et
1131 4316 1280 4372 monachis
1299 4316 1413 4372 ibidem

359 4401 421 4456 Deo
440 4402 646 4467 servientibus,
666 4401 738 4457 duas
757 4400 841 4457 hidas
860 4406 945 4457 terrra
973 4419 1040 4457 cum
1058 4401 1191 4457 omnibus
1209 4401 1409 4474 pertinentiis,

391 4686 396 4714 ¹
416 4684 616 4751 respondendum]
630 4687 858 4751 responddeudum,
879 4688 883 4695 '
940 4686 949 4714 ²
965 4684 1012 4748 est]
1032 4682 1202 4733 interlinedin
1214 4682 1273 4738 MS.

356 4765 414 4815 MS.
661 4838 662 4845 ἵ
943 4765 953 4792 ⁸
965 4763 1020 4829 Itos]
1039 4763 1110 4823 hocs,
1121 4763 1177 4815 MS.
