3218 5640
551 787 576 833 s.
600 787 700 834 eiiiu
721 786 971 834 omt'crfflm„
1236 774 1273 833 41

231 952 396 1027 Brocprope
422 973 490 1009 cum
513 958 648 1012 omnibus
668 959 852 1029 pertinentiis
879 959 952 1022 suis,
971 957 1062 1012 salvis
1082 957 1200 1010 ricariis
1228 958 1279 1026 qui

231 1037 264 1090 iii
279 1036 367 1092 dictis
378 1039 511 1094 ecclesiis
523 1041 728 1096 ministrabunt
739 1041 921 1112 portionibus
936 1039 1156 1096 rationabilibus
1169 1039 1279 1093 eisdem

231 1138 284 1190 per
300 1140 354 1176 nos
371 1123 420 1177 rel
436 1141 621 1180 successores
638 1133 752 1180 nostrm
772 1125 967 1196 assignandis.

266 1205 471 1262 Concessimus
492 1208 603 1263 eisdem
621 1210 760 1264 iratribus
787 1218 818 1264 et
843 1227 945 1264 eorum
970 1208 1188 1264 succentoribus
1216 1227 1280 1278 per·

229 1290 394 1360 ceptionem
409 1291 590 1347 decimarum
606 1295 736 1348 omnium
756 1302 901 1348 termnm
925 1311 1044 1348 suarum
1063 1311 1135 1364 quas
1153 1294 1280 1363 propriis

231 1373 379 1429 laboribus
398 1378 460 1430 suis
472 1377 519 1430 rel
537 1379 703 1448 sumptibus
721 1379 911 1442 excoluerint,
930 1377 1068 1432 videlicet
1084 1378 1280 1431 maneriorum

231 1477 351 1512 smum
368 1459 610 1530 subscriptorum,
629 1461 667 1516 de
688 1463 844 1526 Berthona,
864 1463 902 1516 de
922 1461 1110 1522 Berneirode,
1129 1460 1166 1514 de
1183 1461 1279 1514 Tulic-

229 1542 306 1611 leye,
329 1542 366 1596 de
384 1543 413 1597 la
431 1543 548 1615 Bugge,
566 1543 603 1598 de
621 1545 772 1617 Pas-eleyo,
792 1547 828 1599 de
846 1546 1022 1618 Brocyrope,
1041 1545 1078 1598 dc
1096 1540 1379 1606 horresces-1²⁶.

231 1625 268 1679 de
286 1626 442 1690 Bonelle,
460 1627 498 1681 de
515 1628 662 1693 Estleehe,
687 1629 724 1683 de
748 1630 844 1684 Cnlua
860 1629 980 1699 Regem,
1000 1629 1037 1682 dc
1062 1627 1157 1683 Culna
1182 1627 1280 1681 Sancti

231 1709 369 1779 lylirini,
397 1710 434 1764 (le
457 1712 615 1783 simoneis,
644 1713 680 1766 de
702 1712 913 1776 Aldesnrorthe,
939 1713 976 1766 de
1001 1711 1216 1777 Dnntesbnrne,
1243 1710 1279 1764 de

233 1793 466 1866 thbrithleye,
490 1795 527 1849 (le
550 1797 705 1859 Boclande,
731 1797 766 1850 de
792 1797 978 1867 Hyuethone,
1009 1796 1044 1850 dc
1075 1795 1223 1858 Clid'ordc,
1243 1795 1280 1849 de

232 1875 425 1947 llayesmore,
445 1879 482 1934 dc
500 1880 685 1951 Hardepirie,
706 1899 772 1949 quae
791 1882 819 1934 in
838 1889 938 1935 nostra
955 1879 1083 1950 dyoecesi
1102 1879 1280 1933 obtinentin

231 1963 379 2032 pruenti
415 1963 455 2017 Bt
479 1965 568 2017 etiam
595 1966 810 2035 perceptionem
840 1965 970 2018 omnium
994 1964 1139 2032 majorum
1156 1963 1281 2017 decima·

232 2064 299 2100 rum
315 2046 353 2100 de
370 2048 536 2103 bominibus
555 2050 616 2103 suis
635 2048 671 2104 de
689 2049 822 2103 omnibus
840 2049 979 2102 maneriis
998 2048 1059 2102 suis
1079 2047 1236 2118 predictis.

267 2131 471 2187 Coiicesaimus
501 2133 590 2186 etiam
620 2133 731 2188 eisdem
761 2133 908 2202 religiosis
932 2132 1005 2187 dass
1036 2151 1147 2187 marcas
1178 2150 1280 2187 annuas

231 2216 378 2286 pensionis
403 2217 434 2270 in
457 2217 582 2271 ecclesia
599 2218 636 2272 de
660 2217 859 2285 Quenintone;
890 2226 920 2272 ct
943 2217 1016 2271 duas
1040 2235 1153 2272 mareas
1178 2236 1280 2271 anuuae

229 2300 378 2369 pensionis
396 2300 428 2354 iu
444 2300 557 2371 capella
573 2300 609 2354 de
626 2300 847 2366 Ximdesieldc3
872 2312 902 2356 et
919 2301 1026 2370 viginti
1043 2301 1152 2356 solidos
1170 2319 1280 2356 annuos

232 2386 263 2437 in
289 2384 414 2439 eeclesia
430 2384 530 2440 Sancti
549 2384 691 2440 lobannis
710 2388 740 2440 iu
767 2385 967 2450 Glouccstria;
992 2393 1024 2440 et
1046 2385 1146 2440 decem
1173 2386 1280 2440 solidos

232 2469 509 2540 auunosiucapella
526 2468 563 2522 (le
580 2469 800 2534 Mattesdone;¹
819 2478 850 2524 et
866 2488 970 2525 norem
994 2469 1102 2524 solidos
1120 2487 1231 2524 annuos
1250 2470 1281 2523 in

231 2552 343 2622 capella
359 2551 396 2606 de
414 2553 528 2625 Bykote
546 2572 599 2624 pro
615 2553 737 2608 decimis
756 2554 865 2608 domini
885 2553 922 2607 de
940 2554 1089 2624 Eycotbe3
1108 2564 1139 2608 et
1156 2554 1279 2623 majores

231 2633 359 2690 decimas
370 2637 461 2691 totius
473 2637 595 2691 dominii
608 2637 721 2692 Sibillae
733 2637 770 2692 de
788 2638 918 2692 Ercreus
930 2639 961 2690 in
972 2637 1125 2701 Estlecbe;
1144 2648 1175 2691 et
1191 2638 1280 2692 etiam

231 2717 360 2774 decimas
377 2719 415 2774 de
432 2721 567 2776 omnibus
584 2721 737 2776 dominicis
758 2723 844 2776 terris
862 2722 972 2776 domiui
992 2721 1028 2775 de
1050 2721 1225 2793 Schiptone;
1251 2731 1280 2776 et

232 2805 323 2858 etiam
339 2803 466 2859 decimas
495 2807 584 2860 totius
608 2814 695 2860 terrae
715 2806 868 2860 dominicae
895 2805 1016 2860 Roberti
1034 2805 1071 2860 de
1090 2806 1277 2861 Lettriutone.

231 2887 381 2943 Praeterea
397 2907 497 2945 omues
515 2889 663 2954 ecclesias,
688 2901 793 2952 terras,
812 2889 950 2953 decimas,
969 2896 1001 2943 et
1017 2890 1114 2943 omnia
1130 2889 1206 2944 bona
1222 2890 1281 2944 alia

231 2990 299 3042 qm:
322 2991 340 3026 a
362 2974 515 3029 monetis
533 2975 712 3045 temporibus
732 2975 762 3028 in
780 2973 899 3028 dioecesi
922 2980 1022 3028 nostia
1038 2972 1136 3044 adepti
1154 2982 1231 3036 sunt,
1250 2983 1280 3029 et

231 3075 326 3127 iisqne
351 3056 389 3111 ad
412 3059 475 3112 bac
501 3066 632 3130 tempora
660 3059 780 3130 pacifice
808 3055 1010 3128 possederunt,
1037 3057 1081 3111 eis
1108 3060 1280 3113 anctoritate

231 3154 334 3196 nmtra
360 3143 564 3198 confirmamus
595 3144 625 3197 iu
655 3156 828 3214 perpetuum
857 3140 1040 3212 possidenda,
1068 3150 1099 3197 et
1127 3145 1280 3214 presentis

232 3227 336 3297 scripti
360 3228 437 3282 serie
463 3227 557 3298 sigilli
575 3229 668 3282 mistri
685 3228 865 3298 appositione
882 3226 1064 3282 declaramus
1091 3228 1278 3292 confirmatu

231 3318 393 3366 statuentes
419 3320 451 3365 et
471 3310 634 3367 ‹listi’ictius
661 3311 824 3366 inhibentes
848 3324 881 3365 ut
904 3309 1003 3366 nullus
1029 3310 1166 3381 deinceps
1193 3329 1281 3382 super

232 3393 291 3450 hiis
309 3394 416 3451 audeat
432 3396 598 3451 molestare.

270 3478 310 3534 [t
327 3480 420 3551 igitur
436 3497 473 3534 ea
489 3499 555 3551 qnae
572 3479 724 3551 premissa
735 3488 803 3535 suut
817 3479 923 3535 futuris
936 3478 1115 3550 temporibus
1133 3495 1280 3551 perpetua

230 3564 380 3618 firmitatis
400 3563 491 3619 robur
512 3564 672 3629 obducam,
702 3583 740 3619 ee
760 3565 897 3635 presenti
924 3569 1006 3618 carta
1031 3573 1139 3628 nostra,
1166 3576 1198 3617 et
1220 3574 1279 3617 tam

229 3648 325 3718 sigilli
359 3649 462 3712 nostri,
492 3667 581 3719 quam
613 3648 705 3719 sigilli
740 3648 860 3719 capituli
890 3648 1112 3719 Wygornicnsis
1148 3648 1280 3703 ecclesie

231 3734 421 3804 appositione,
440 3736 654 3789 confirmamus.

267 3817 376 3873 Datum
398 3817 575 3888 Wygoruiae‚
598 3818 712 3874 decimo
734 3817 871 3872 kalendas
896 3817 1035 3887 Augusti,
1063 3835 1138 3872 auno
1161 3815 1279 3872 Domini

230 3902 409 3972 supradicto,
427 3921 502 3956 anuo
519 3902 742 3957 consecrationis
761 3908 867 3956 nostrae
886 3908 999 3971 quarto.

265 3986 327 4042 Xos
345 3988 440 4057 igitur
456 3986 639 4042 attendentes
656 3986 826 4057 religiosam
845 3986 1104 4049 conversationem,
1123 3997 1154 4041 ct
1176 3986 1279 4042 bones·

229 4086 294 4127 tuni
311 4072 443 4127 ordinem
459 4071 574 4127 abbatis
592 4082 623 4126 et
643 4070 849 4125 monachorum
868 4069 1070 4133 Gloucestriae,
1089 4088 1188 4125 omnes
1207 4069 1278 4126 bas²

228 4157 428 4211 messiones
439 4156 630 4211 ecclesiarum
641 4155 861 4226 appropriantes
873 4163 903 4209 et
914 4154 1094 4210 decimarum
1109 4156 1277 4211 collationes

228 4250 263 4296 et
277 4240 520 4303 confirmationes,
539 4240 617 4295 sicut
639 4239 677 4293 ab
702 4238 804 4294 codem
831 4238 1043 4309 predecessore
1066 4247 1165 4295 nostro
1182 4242 1230 4312 pie
1248 4254 1279 4296 et

265 4470 942 4539 'lutiae-arginhtreisimertediillottcudoue.
994 4473 1054 4523 Ans
1082 4472 1141 4523 tben
1175 4474 1277 4523 alittle

232 4548 1275 4617 bahefflbbtcdepeuioulloverdovnfflmiodcli'qlotcira.

235 4646 277 4682 ex,
295 4651 316 4681 c
334 4628 478 4683 iamlam
498 4631 589 4683 sueti
605 4631 730 4682 letanie
751 4634 756 4733 Ι
775 4633 1010 4697 parenaetica.

227 4711 433 4764 iactum
467 4708 728 4763 xcinoeetmade
810 4709 1050 4774 'lnstmllS
