3218 5640
384 820 808 873 s.uun1onumumuuz
1081 808 1124 878 17
1197 776 1201 783 .

106 995 268 1054 Reddendo
285 999 362 1054 idem
382 998 530 1054 lohannes
548 1006 579 1052 et
596 997 727 1052 heredes
751 998 798 1052 sui
822 997 886 1053 sire
909 998 1051 1069 assignati
1076 1001 1123 1054 sui

71 1082 221 1137 amatim
239 1083 381 1154 predicto
398 1082 496 1137 abbati
514 1090 546 1137 et
563 1081 718 1137 conventui
742 1081 844 1136 decem
862 1082 971 1137 solidos
989 1083 1027 1137 ad
1049 1081 1123 1137 duos

72 1168 224 1231 terminos,
244 1168 430 1223 medietatem
449 1169 562 1223 scilicet
585 1167 622 1222 ad
647 1168 755 1222 t'estum
780 1168 878 1223 Sancti
903 1167 1068 1231 Michaelis,
1093 1178 1123 1222 et

73 1251 163 1305 aliam
176 1251 362 1307 medietatem
388 1253 425 1306 od
443 1252 706 1306 Annuucistiouem
725 1251 823 1304 Beatte
840 1249 954 1315 Μανία»,
974 1252 1050 1305 sicut
1068 1269 1124 1322 ego

72 1348 103 1389 et
131 1342 330 1390 antecessores
362 1338 418 1390 mei
449 1335 571 1390 reddere
602 1335 778 1389 debebamus
808 1348 837 1388 ct
863 1335 1038 1393 solebamus.
1070 1343 1153 1407 prot.
1168 1348 1222 1395 117.

73 1420 209 1474 omnibus
228 1421 366 1483 servitiis,
387 1420 468 1474 salsa
486 1434 589 1475 tenura
606 1421 736 1474 omnium
754 1437 854 1474 eorum
873 1421 923 1491 qui
942 1437 995 1492 per
1013 1434 1121 1474 cenum

73 1520 179 1568 meam,
199 1505 261 1558 sive
279 1504 316 1557 ad
335 1506 491 1558 terminum
510 1505 572 1559 sive
600 1503 794 1567 haerediterie,
813 1516 920 1567 teuent,
941 1505 1016 1558 sicut
1035 1518 1123 1559 canos

73 1605 176 1642 eorum
200 1605 271 1659 quss
295 1587 332 1641 ‹le
359 1606 405 1641 me
433 1588 540 1642 habeut
565 1597 727 1651 testantur,
753 1589 794 1641 ita
817 1600 913 1640 tamen
932 1587 1011 1658 quod
1028 1589 1123 1642 omnio

73 1671 130 1726 de¹
155 1678 260 1727 tenura
284 1672 422 1743 predicta
448 1690 513 1744 quas
538 1672 611 1726 loris
638 1686 706 1726 sunt
732 1671 769 1726 ad
793 1671 944 1735 terminos,
971 1673 1123 1742 completis

73 1756 207 1811 terminis
231 1755 372 1826 prtedicto
390 1756 517 1810 Johanni
543 1766 573 1809 et
597 1755 761 1810 heredibus
789 1756 851 1809 suis
877 1757 940 1810 sive
966 1757 1123 1826 assignatis

73 1841 137 1894 suis
154 1840 218 1893 sine
235 1839 334 1911 aliqua
352 1840 578 1895 contradictione
595 1840 643 1893 rel
669 1839 874 1910 impedimento
891 1841 950 1894 mei
967 1840 1014 1893 rel
1032 1840 1123 1894 hiere·

74 1924 145 1979 dum
175 1941 305 1979 meorum
336 1925 428 1978 libere
459 1933 652 1979 revertentur.
702 1923 785 1977 Idem
815 1941 885 1979 vcro
921 1923 1068 1979 Johnunes
1092 1932 1122 1978 et

76 2007 208 2062 haeredes
226 2009 272 2061 sui
292 2009 354 2062 sive
372 2010 515 2078 assignati
535 2010 581 2063 sui
601 2018 710 2063 sectam
729 2008 819 2062 curiae
836 2008 960 2069 abbatis,
978 2015 1009 2062 et
1025 2010 1123 2063 omnia

74 2093 134 2147 al‘u
150 2093 272 2147 servitia
289 2111 355 2163 quie
373 2093 410 2146 de
424 2093 494 2163 jure
511 2093 548 2148 ad
567 2092 735 2163 predictam
754 2106 862 2147 terram
887 2093 1042 2163 pertinent,
1061 2093 1121 2163 ple·

74 2178 156 2232 uarie
173 2176 334 2248 perficient.

111 2260 146 2317 In
163 2262 249 2332 cujus
267 2263 311 2317 rei
329 2262 538 2327 testimonium,
559 2274 614 2317 etc.

408 2533 582 2601 ccccm.
606 2533 656 2600 De
678 2533 797 2601 eodem,

110 2706 211 2764 Sciant
229 2718 386 2780 presentes
400 2724 430 2763 et
442 2708 544 2766 futuri.
559 2709 638 2780 quod
656 2725 712 2780 ego
733 2708 887 2780 Philippus
905 2707 941 2763 de
961 2708 1123 2764 Lillethone
1137 2715 1225 2767 Orthe
1307 2729 1311 2735 ·

75 2790 142 2846 dedi
160 2802 191 2846 et
217 2794 356 2855 concessi,
384 2808 413 2847 ct
439 2795 574 2864 presenti
602 2800 683 2848 carta
707 2809 772 2846 meo
797 2792 975 2855 confirmari,
994 2793 1211 2848 waltero-ns

76 2876 137 2933 olio
153 2875 273 2930 Boberti
292 2876 329 2930 de
347 2877 533 2939 Herelordiu,
546 2895 601 2948 pro
619 2876 755 2947 homagio
773 2890 803 2931 et
821 2878 941 2931 servitio
959 2895 1022 2941 suo,
1033 2889 1125 2932 totam

75 2972 184 3014 terram
203 2978 299 3014 meam
317 2979 383 3032 qute
398 2962 478 3032 jacet
496 2962 526 3015 iu
545 2960 730 3015 Dodenhulle
758 2961 787 3015 in
815 2960 887 3016 villa
915 2961 952 3015 de
970 2961 1124 3026 Lilletoue,

76 3056 105 3097 et
122 3044 269 3115 quandam
287 3045 461 3115 particulam
480 3046 556 3116 prati
581 3046 639 3099 mei
658 3062 724 3115 quae
743 3063 774 3098 se
793 3045 921 3100 extendit
933 3046 1019 3115 juxta
1036 3046 1127 3100 t'ossa·

76 3144 140 3183 tum
156 3127 193 3183 de
213 3127 397 3192 Grotemede,
417 3146 484 3183 cum
512 3129 646 3183 omnibus
672 3130 857 3201 pertinentiis
883 3131 945 3184 suis
972 3131 1002 3184 iu
1025 3129 1125 3184 eodem

78 3212 149 3268 villa
164 3212 202 3267 de
222 3212 381 3277 Lillet0ne;
407 3213 560 3267 tenendam
579 3219 610 3266 et
627 3213 789 3268 habendam
809 3214 838 3267 in
857 3213 941 3269 feodo
958 3222 989 3269 et
1006 3213 1128 3268 heredi-

77 3310 147 3362 tate,
175 3295 212 3350 de
237 3314 284 3350 mc
311 3310 340 3350 et
365 3297 530 3351 hteredibus
561 3297 644 3360 meis,
676 3297 732 3351 sibi
763 3310 794 3352 et
823 3296 986 3352 haeredibus
1011 3300 1073 3353 suis
1096 3300 1127 3352 in

77 3388 261 3453 perpetuum,
288 3381 335 3436 rel
363 3382 526 3452 cuicunque
553 3398 619 3435 eam
645 3383 797 3452 assignare
821 3380 956 3445 voluerit,
983 3381 1074 3436 libere
1097 3392 1127 3436 et

78 3467 186 3537 quiete,
206 3467 236 3520 iu
264 3482 335 3536 paee
360 3480 392 3520 et
414 3466 538 3535 integre,
567 3466 598 3519 iu
625 3465 692 3529 viis,
720 3466 751 3519 in
777 3466 901 3528 semitis,
927 3464 958 3519 in
982 3467 1074 3536 pratis
1098 3480 1129 3519 et

79 3551 216 3620 pasturis,
236 3550 315 3604 etin
333 3549 467 3603 omnibus
486 3548 672 3604 libertatibus
690 3557 721 3603 et
745 3548 847 3603 liberis
870 3549 1127 3604 consuetudinibus

78 3634 115 3688 ad
132 3633 302 3706 praedictam
320 3646 429 3688 terram
448 3633 671 3704 pertinentibus.

114 3718 272 3773 Reddenda
298 3718 366 3772 iude
393 3718 543 3772 aunuatim
572 3718 645 3772 mihi
672 3730 703 3772 et
729 3717 894 3773 heredibus
921 3719 1004 3782 meis,
1023 3718 1074 3772 ille
1097 3727 1128 3772 et

79 3802 210 3858 heredes
227 3805 273 3857 sui
293 3804 340 3856 vel
358 3802 500 3872 assignati
519 3804 575 3864 sui,
596 3802 697 3856 decem
716 3813 745 3856 et
762 3808 828 3856 octo
855 3802 988 3858 denarios
1014 3802 1127 3857 duobus

79 3889 146 3942 anui
164 3888 309 3948 terminis,
339 3885 526 3941 medietatem
552 3888 589 3940 ad
609 3888 869 3941 Annunciatiouem
889 3887 987 3942 Bestae
1014 3886 1126 3950 Marite,

79 3990 109 4030 ct
125 3977 214 4030 aliam
232 3974 420 4031 medietatem
439 3974 476 4029 ad
495 3976 602 4029 festum
623 3974 721 4029 Sancti
740 3975 904 4037 Michaelis,
924 3992 978 4045 pro
996 3974 1127 4029 omuibus

79 4060 218 4121 servitiis,
236 4059 375 4129 querelis,
395 4059 482 4113 sectis
500 4059 599 4123 curiae,
619 4072 648 4112 et
666 4058 754 4112 rebus
773 4059 915 4112 omuibus.
953 4057 992 4111 Et
1009 4075 1062 4128 pro
1074 4058 1127 4112 hac

79 4156 177 4198 autem
207 4141 360 4197 donatione
390 4159 455 4196 mea
481 4154 512 4196 et
540 4143 725 4197 concessione
749 4141 831 4196 dedit
856 4141 928 4195 mihi
953 4141 1128 4213 sepedictus

81 4227 227 4283 Walterus
251 4244 314 4298 prae
340 4226 474 4280 manibus
499 4227 649 4295 sexaginta
674 4224 782 4279 solidos
809 4225 1026 4298 sterlingorum.
1064 4226 1128 4298 Ego

80 4330 151 4367 vero
166 4312 321 4384 Philippus
340 4318 370 4364 et
386 4310 517 4364 heredes
535 4311 593 4364 mei
611 4310 751 4382 praedicto
769 4309 899 4364 Waltero
916 4322 946 4365 et
963 4310 1128 4365 heredibus

80 4397 140 4450 suis
159 4397 222 4451 sire
250 4395 409 4466 assignatis
434 4395 496 4448 suis
522 4404 615 4448 totum
643 4393 814 4464 predictum
840 4404 1039 4449 tenementum
1061 4413 1127 4449 cum

79 4480 262 4552 pertiuentiis
281 4480 343 4534 suis
367 4484 468 4533 contro
490 4494 591 4532 omnes
617 4475 774 4548 [homiues]
799 4485 829 4533 et
853 4479 986 4534 loemiuas
1010 4481 1041 4533 iu
1064 4497 1128 4550 per·

440 4739 774 4807 1epuemoeeuns

168 4840 245 4890 rou
271 4841 306 4889 u.
