3218 5640
368 784 433 850 158
646 795 896 849 csawaanmrr
916 796 1128 850 uouisraan

634 1072 921 1142 DOLXXXVIIL
944 1073 993 1141 De
1017 1073 1138 1141 melem.

403 1236 503 1293 Sciant
527 1243 686 1310 praesentes
711 1245 742 1293 et
775 1238 876 1301 futuri,
897 1237 974 1309 quod
1000 1255 1057 1310 ego
1074 1237 1186 1310 Helyas
1213 1236 1337 1303 Giffard,
1364 1256 1420 1312 pro

365 1322 460 1378 salute
495 1325 598 1378 animia
633 1340 706 1377 meae
736 1328 767 1377 et
796 1329 1013 1378 antecessorum
1048 1340 1191 1388 meorum,
1223 1324 1353 1378 concedo
1389 1330 1421 1380 et

364 1407 503 1462 confirmo
532 1408 715 1463 donationem
745 1424 833 1478 quam
861 1406 976 1480 Helyus
1002 1406 1117 1462 Gill‘ard
1148 1414 1232 1478 pater
1261 1425 1359 1471 meus,
1388 1415 1421 1464 et

364 1491 455 1546 Beria
484 1497 577 1546 mator
606 1509 681 1557 mea,
710 1493 842 1547 iecerunt
871 1491 944 1555 Deo,
976 1497 1008 1545 et
1036 1491 1169 1546 ccclesias
1201 1490 1302 1546 Sancti
1333 1492 1420 1548 Petri

364 1574 565 1642 Gloucestrioe,
593 1575 801 1647 monachisque
828 1574 938 1630 ibidem
965 1575 1028 1629 Deo
1054 1574 1269 1642 servientibus3
1300 1575 1420 1633 scilicet

362 1659 436 1716 duas
454 1667 552 1733 partes
570 1661 661 1717 totius
687 1667 775 1716 terrm
792 1660 829 1714 de
847 1660 1055 1731 Ullingewilre,
1076 1666 1197 1732 excepta
1224 1660 1420 1716 mvooetiono

363 1745 505 1812 ecclesiae,
518 1751 549 1801 et
565 1745 720 1818 principali
738 1744 896 1810 domicilio,
911 1751 941 1800 et
959 1745 1098 1815 pomerio,
1112 1745 1143 1799 in
1162 1763 1288 1816 quorum
1306 1764 1420 1802 escam·

362 1830 444 1885 bium
469 1830 548 1885 idem
574 1829 708 1885 monachi
733 1829 842 1884 babent
867 1834 959 1884 totam
986 1829 1132 1883 culturam
1163 1829 1246 1884 illam
1277 1849 1345 1901 quas
1372 1838 1421 1888 cst

362 1914 440 1969 inter
459 1914 589 1970 Haibroc
616 1920 647 1968 et
671 1913 846 1977 cheminum,
867 1914 899 1967 ia
926 1913 1050 1967 liberam
1070 1920 1101 1967 et
1118 1920 1290 1984 perpetuam
1309 1915 1419 1971 elemo-

363 1999 473 2063 sinam,
502 1998 641 2054 tenendas
668 1998 760 2052 libere
786 2004 816 2052 et
842 1997 951 2067 quiete,
970 1996 1129 2068 tranquille
1148 2005 1178 2052 et
1195 1998 1366 2063 honorifice,
1387 2000 1420 2055 in

361 2085 449 2140 bosco
468 2090 498 2139 ct
515 2084 610 2154 plano,
631 2083 661 2136 in
679 2083 771 2153 pratis
790 2087 820 2136 et
837 2082 965 2152 pascuis,
986 2088 1017 2135 et
1038 2081 1068 2135 in
1093 2082 1227 2136 omnibus
1253 2083 1328 2137 locis
1347 2102 1419 2140 cum

362 2169 497 2224 omnibus
520 2166 706 2222 libertatibus
734 2172 765 2219 et
790 2164 925 2219 omnibus
951 2165 1054 2220 liberis
1085 2167 1349 2222 consuetudinibus
1380 2169 1419 2224 ad

362 2254 483 2310 eandem
501 2259 611 2306 terrim
635 2250 865 2322 pcrtinentibus;
893 2249 1019 2320 illasque
1038 2250 1153 2320 quietas
1173 2251 1267 2305 clamo
1285 2252 1324 2306 ab
1336 2254 1420 2308 omni

363 2338 483 2395 servitio
502 2335 636 2391 saeculari
655 2334 692 2388 ad
704 2352 751 2388 mc
769 2332 941 2404 pertinente,
962 2333 1044 2388 salvo
1063 2340 1161 2388 tamen
1180 2335 1303 2390 servitio
1321 2339 1420 2408 regali

364 2424 401 2480 dc
420 2440 477 2494 quo
495 2422 526 2476 in
537 2420 633 2492 capito
645 2420 781 2490 episcopo
793 2417 1004 2473 Heresordensi
1015 2419 1240 2490 respondebunt
1279 2420 1420 2476 Conoedo

364 2508 453 2562 etiam
478 2506 521 2560 eis
552 2511 581 2559 et
605 2503 743 2558 confimo
770 2503 843 2557 duas
871 2507 970 2572 partes
997 2503 1088 2557 totius
1115 2503 1249 2559 redditus
1275 2506 1350 2559 salis
1382 2506 1421 2560 de

364 2591 489 2654 Wichio,
515 2596 545 2644 ct
562 2588 715 2643 Edwinum
733 2588 831 2651 Trote,
851 2605 919 2641 cum
936 2592 998 2642 toto
1016 2593 1182 2644 tenemento
1200 2607 1254 2645 suo
1272 2590 1369 2646 libere
1388 2597 1421 2648 et

364 2676 463 2747 quiete
480 2673 702 2744 inperpetuum
720 2671 937 2742 possidendum.

400 2757 484 2826 Quod
501 2763 649 2812 atratum
668 2763 698 2810 ot
719 2755 922 2811 inconvulsum
949 2763 1128 2830 permaneat,
1148 2759 1285 2830 praesenti
1305 2760 1421 2834 scripto

365 2842 458 2915 sigilli
474 2841 533 2896 mei
552 2841 750 2913 impressione,
770 2846 826 2896 etc.

550 3102 557 3110 ’
662 3107 912 3175 DCLXXXIX
935 3109 986 3177 Dc
1009 3109 1129 3180 codem.
1209 3120 1212 3125 “

194 3285 265 3336 AJ),
278 3292 352 3353 116³,
399 3273 490 3345 Elyas
508 3271 666 3337 Giffardus,
686 3273 820 3327 omnibus
838 3273 1006 3329 hominibus
1031 3275 1093 3330 suis
1111 3282 1142 3331 et
1159 3277 1272 3342 amicis,
1293 3277 1423 3337 Fbaucis

195 3351 259 3418 July
273 3360 311 3405 18·
364 3363 395 3414 et
412 3358 527 3429 Anglis,
546 3365 577 3413 ct
594 3357 728 3413 omnibus
749 3356 863 3411 Sanctis
882 3358 937 3412 Dei
956 3359 1097 3414 Ecclesiae
1116 3361 1195 3426 tiliis,
1211 3362 1348 3418 salutem.

197 3431 237 3481 of
242 3432 286 3482 the

192 3512 269 3550 same.

401 3442 508 3498 Sciatis
525 3460 573 3497 mc
591 3442 771 3497 concessisse
789 3442 873 3496 uxori
898 3459 971 3497 meae
990 3444 1088 3500 Bertae
1108 3445 1297 3502 medietatem
1326 3451 1423 3506 totius

363 3527 487 3582 manerii
499 3526 536 3581 de
554 3525 733 3597 Ullingwike
745 3525 894 3597 maritagii
913 3526 969 3605 sui,
991 3527 1153 3583 donandam
1166 3532 1301 3587 ecclesian
1315 3533 1423 3591 Sancti

363 3611 456 3674 Petri,
484 3616 515 3665 ct
541 3609 697 3664 Hameliuo
724 3608 821 3663 abbati
841 3616 871 3664 ct
896 3611 1051 3666 conventui
1070 3612 1272 3680 Glouoestriae,
1294 3618 1327 3671 in
1351 3637 1422 3690 por·

363 3703 481 3767 petuam
512 3695 709 3759 elemosinam,
747 3694 881 3756 solutam,
919 3700 949 3750 et
985 3696 1116 3762 liberam,
1149 3704 1180 3753 ct
1215 3701 1349 3771 quietam
1383 3704 1422 3759 ab

363 3780 497 3833 omuibus
516 3779 654 3840 servitiis,
669 3784 700 3832 et
711 3778 979 3842 consuetudinibus,
1000 3787 1030 3836 et
1047 3782 1188 3852 tollagiis,
1208 3791 1240 3839 et
1258 3789 1422 3844 exactioni·

362 3864 427 3928 bus,
448 3868 478 3916 ct
490 3862 601 3925 assisis,
622 3867 742 3933 excepto
762 3861 882 3915 servitio
894 3861 1009 3918 dimidii
1028 3865 1141 3930 militis,
1160 3872 1221 3921 tam
1233 3869 1266 3923 in
1284 3871 1423 3929 dominio

362 3965 451 4018 qnam
470 3947 499 4000 in
517 3945 686 4015 villonagio,
707 3946 737 3998 in
755 3945 843 3999 bosco
862 3952 891 4001 et
904 3947 1000 4016 plano,
1020 3949 1050 4002 in
1069 3951 1162 4020 pratis
1181 3959 1211 4006 et
1229 3957 1376 4024 pasturis,
1391 3964 1423 4014 et

361 4031 495 4086 omnibus
513 4029 580 4083 aliis
598 4028 696 4091 rebus,
716 4046 783 4083 cum
801 4030 935 4085 omnibus
953 4031 1139 4089 libertatibus
1167 4036 1264 4092 eidem
1283 4043 1423 4098 manerio

360 4112 581 4186 pertinentibus,
613 4121 720 4181 praeter
756 4113 910 4167 ecclesiam
946 4121 976 4168 ct
1013 4117 1177 4187 virgultum
1214 4126 1244 4175 et
1282 4131 1421 4182 veterem

361 4198 491 4261 curiam
522 4197 565 4250 ita
593 4201 691 4249 tamen
722 4195 800 4266 quod
830 4197 989 4252 secundum
1020 4202 1215 4271 quantitatem
1245 4208 1421 4266 medietatis

361 4281 451 4337 curiae
469 4286 501 4335 et
517 4279 643 4348 virgulti
661 4278 736 4333 dabo
766 4279 793 4333 ci
812 4281 991 4335 escambium
1010 4283 1040 4337 in
1067 4290 1147 4340 terra
1164 4288 1271 4344 arabili
1291 4292 1421 4352 alterius

360 4365 537 4420 medietatis.
576 4363 645 4433 Ipsa
673 4380 753 4427 vero,
783 4381 836 4434 pro
865 4365 959 4419 salute
990 4368 1094 4423 animas
1119 4387 1193 4424 mem
1219 4379 1249 4427 et
1280 4393 1356 4442 suae,
1391 4386 1423 4436 et

360 4449 454 4522 patris
473 4454 503 4501 ct
520 4446 633 4510 matris,
654 4453 684 4501 et
701 4447 830 4501 omnium
848 4454 1065 4506 antecessorum
1084 4459 1114 4506 et
1132 4461 1291 4524 parentum
1302 4467 1422 4518 nostro-

360 4551 438 4596 rum,
457 4548 505 4585 me
531 4535 672 4601 praesente
699 4537 729 4585 et
753 4530 827 4585 banc
846 4531 1027 4587 donationem
1055 4535 1189 4602 faciente,
1212 4541 1423 4603 omnimodum

360 4616 488 4689 praebuit
504 4632 665 4670 assensum.
703 4615 743 4670 llt
758 4616 859 4670 multis
884 4619 1117 4688 proecedentibus
1136 4622 1201 4693 ejus
1219 4625 1422 4696 petitionibus

361 4708 396 4756 nt
424 4698 561 4754 videlicet
587 4699 816 4753 hmo-’facerem
846 4700 1030 4757 donationem
1060 4705 1211 4776 petitionis
1242 4709 1424 4781 impetravit

362 4785 506 4849 effectum,
526 4783 557 4836 in
578 4782 655 4837 bunc
673 4787 769 4837 tamen
787 4783 915 4850 modum,
935 4786 1014 4856 quod
1032 4796 1126 4845 semet
1149 4789 1247 4862 ipsam
1266 4811 1337 4851 cum
1357 4803 1423 4856 tota
