3218 5640
512 815 539 863 s
562 812 663 862 reret
686 811 940 862 cmncrsrnia
1183 795 1249 863 26³

201 984 316 1037 oeetrim
335 981 411 1036 unde
422 981 589 1037 willelmus
602 981 713 1036 Cueuel
731 992 777 1037 est
794 999 927 1052 persona,
940 980 988 1035 rel
1006 980 1114 1035 laicum
1133 978 1250 1035 feodum

202 1067 301 1122 abbati
326 1067 427 1123 Sancti
445 1067 527 1122 Petri
546 1066 739 1122 Gloncestn'te
758 1067 917 1137 pertinens,
937 1076 968 1120 et
985 1065 1074 1121 abbas
1092 1083 1146 1137 per
1163 1074 1252 1119 attor·

202 1164 302 1208 ustum
320 1153 412 1216 venit,
431 1162 462 1207 et
479 1152 553 1206 nihil
572 1151 645 1206 dicit
662 1169 754 1222 quare
772 1151 867 1206 assisa
883 1157 1042 1215 mmet,
1062 1149 1115 1206 sed
1133 1150 1252 1220 ponitur

202 1239 233 1292 in
257 1245 427 1309 respectum
453 1239 523 1309 qnia
549 1255 649 1292 omnes
673 1234 822 1308 juratores
847 1236 966 1291 amovit.
1005 1235 1065 1289 Sed
1082 1234 1252 1290 Willelmue

201 1322 273 1377 dicit
290 1323 369 1394 quod
386 1322 519 1378 custodia
542 1323 638 1393 pontis
667 1320 859 1376 Gloueestriae
881 1319 1010 1391 pertinet
1034 1319 1072 1373 ad
1096 1318 1252 1374 ecclesiam

202 1425 296 1472 suam,
315 1416 346 1462 et
370 1421 491 1478 pastura
517 1407 644 1477 pertinet
671 1405 708 1459 ad
736 1414 863 1476 pontem,
883 1412 913 1460 et
930 1405 985 1460 hac
1013 1405 1125 1458 ratione
1143 1403 1251 1458 clamat

203 1492 265 1561 ipse
283 1491 405 1546 eandem
423 1504 581 1562 pasturam.
619 1490 658 1544 Et
683 1489 772 1544 abbae
797 1507 851 1560 per
874 1496 1053 1544 attornatum
1072 1506 1160 1542 suun
1177 1487 1251 1542 dicit

203 1575 281 1644 quod
298 1592 417 1646 pastura
434 1575 486 1630 illa
503 1576 631 1646 pertinet
655 1574 692 1628 ad
719 1575 884 1628 manerium
908 1592 994 1628 suurn
1012 1573 1049 1627 de
1067 1572 1252 1643 Mayesmore
1267 1579 1352 1632 tm.

203 1659 282 1730 quod
306 1673 384 1714 tenet
411 1678 446 1713 ex
472 1659 548 1714 dono
574 1660 655 1728 regis
681 1658 805 1712 Henrici
830 1658 964 1721 senioris,
989 1666 1020 1712 et
1044 1656 1112 1712 inde
1138 1657 1253 1728 prefert

202 1756 312 1798 cartam
330 1743 462 1814 ejusdem
480 1744 572 1814 regis,
593 1761 658 1814 quae
686 1752 813 1798 testatur
837 1742 917 1812 quod
944 1743 1007 1813 ipse
1031 1741 1112 1796 dedit
1129 1741 1202 1806 Deo,
1222 1750 1253 1797 et

202 1828 332 1883 ecclesiae
352 1829 451 1882 Sancti
470 1828 562 1892 Petri,
575 1842 606 1882 et
625 1827 740 1881 Serloni
758 1827 856 1882 abbati
875 1826 1078 1891 Gloueestriae,
1091 1826 1129 1881 ad
1140 1828 1251 1882 victum

201 1913 418 1976 monachornm,
433 1924 542 1967 terrum
554 1912 591 1965 de
604 1911 789 1980 Mayesmore
807 1922 838 1965 et
855 1911 960 1965 silvam
973 1921 1065 1966 totum
1076 1922 1106 1965 et
1118 1911 1248 1983 planum,

202 1997 338 2051 similiter
356 1999 432 2051 sicut
451 1997 514 2067 ipse
533 2013 584 2049 rex
602 1996 708 2050 melius
732 1996 815 2049 illam
839 1995 951 2059 babuit,
971 2008 1002 2050 et
1019 1994 1087 2049 inde
1111 1997 1194 2065 ponit
1217 2014 1250 2051 se

202 2099 290 2152 super
304 2082 434 2149 juratam
453 2080 530 2150 quod
548 2094 668 2151 pastura
688 2079 741 2134 illa
759 2090 805 2134 est
822 2079 858 2132 de
876 2080 1062 2149 pertinentiis
1081 2078 1117 2133 de
1136 2079 1251 2151 Μιγω-

202 2185 291 2221 more.
328 2167 368 2220 Et
379 2166 446 2219 ideo
464 2166 596 2236 procedit
614 2166 715 2219 assisa.
749 2164 901 2219 Juratores
915 2165 1017 2219 dicunt
1035 2164 1113 2235 quod
1131 2174 1252 2235 pastura

202 2251 255 2306 illa
280 2264 325 2305 est
354 2252 462 2305 laicum
492 2249 609 2304 feodum
636 2249 750 2304 abbatis
776 2257 807 2304 et
832 2267 891 2304 non
915 2250 1085 2305 elemosina.
1121 2249 1162 2304 Et
1185 2250 1253 2305 ideo

201 2335 415 2390 consideratum
439 2347 484 2389 est
511 2333 590 2405 quod
619 2333 708 2387 abbas
739 2340 787 2387 eat
812 2334 940 2404 quietus,
965 2342 995 2388 et
1020 2333 1188 2388 Willelmus
1219 2335 1249 2389 in

201 2420 402 2475 misericordia
419 2438 472 2490 pro
491 2419 565 2473 falso
583 2418 698 2473 clamio.

236 2505 310 2559 Acta
329 2515 397 2558 sunt
414 2504 477 2558 haee
495 2522 570 2557 anno
587 2503 704 2557 Domini
723 2503 880 2558 millesimo
892 2503 1092 2559 ducentesimo
1108 2503 1251 2560 vicesimo

201 2589 297 2659 primo
313 2605 412 2644 eoram
433 2588 606 2658 justiciariis
633 2588 848 2651 itinerantibus,
868 2587 1022 2643 abbatibus
1047 2589 1084 2643 de
1103 2589 1248 2660 Badinge,

201 2686 232 2728 et
261 2673 297 2727 de
326 2674 483 2738 Eresham,
513 2672 642 2727 Martino
670 2670 707 2726 de
734 2671 913 2735 Pateshulle,
931 2672 1087 2746 Budulpho
1113 2673 1248 2746 Hurang,

201 2758 330 2813 Boberto
347 2757 383 2812 de
402 2756 582 2821 Iermdene,
603 2755 735 2811 Johanne
753 2756 790 2811 de
808 2756 981 2822 Mouemu03
1007 2758 1085 2829 apud
1109 2757 1249 2815 Glouoes·

201 2844 288 2897 triam
305 2842 420 2897 decimo
437 2844 562 2913 septimo
586 2841 724 2896 kalendas
748 2841 889 2913 Augusti.
927 2841 1039 2898 Eodem
1064 2861 1139 2898 anno
1156 2851 1187 2899 et
1203 2844 1253 2899 die

200 2928 276 2982 lecta
293 2938 339 2981 est
362 2935 443 2981 carta
459 2926 601 2980 Willelmi
629 2925 665 2979 de
690 2926 878 2998 Pundelarge
904 2927 941 2981 de
968 2945 1059 2982 cursu
1085 2929 1174 2984 fontis
1201 2929 1253 3000 qui

200 3011 309 3066 dicitur
327 3011 511 3073 Bersewelle,
532 3012 596 3082 ipso
613 3009 764 3064 Willelmo
786 3022 931 3081 praesente
948 3017 978 3065 et
995 3014 1202 3078 consentiente,
1222 3021 1253 3069 et

202 3110 302 3169 postea
320 3096 477 3151 inrotulata
494 3104 539 3150 est
558 3096 588 3149 in
605 3095 710 3149 rotulis
729 3095 889 3149 eorundem
903 3095 1150 3166 justitiariorum.

248 3288 487 3356 DCCCXLVI.
512 3288 726 3374 lloyes‘more,
749 3287 874 3354 seilicet
897 3287 938 3354 cle
960 3296 1095 3356 centwm
1119 3289 1211 3356 amit

680 3390 772 3455 bosci.

237 3530 394 3593 Henricus,
415 3530 471 3583 Dei
498 3531 594 3599 gratia
621 3546 672 3582 rex
690 3527 817 3598 Angliae,
837 3540 905 3591 ete,
926 3528 1093 3584 vicecomiti
1111 3528 1253 3586 Glouces·
1263 3552 1334 3603 Μ),
1348 3556 1421 3615 ltro,

204 3617 278 3678 triae,
299 3615 434 3669 salntem.
1264 3620 1333 3684 Sept
1348 3626 1386 3671 ΙΙ.

237 3699 412 3755 Monstravit
430 3698 512 3753 nobis
525 3697 613 3752 abbas
626 3696 663 3750 de
675 3696 870 3759 Gloucestria,
884 3696 963 3767 qnod
980 3715 1048 3751 cum
1066 3698 1130 3769 ipse
1145 3716 1249 3770 nuper,
1264 3704 1305 3754 Os
1311 3704 1354 3755 tlte

203 3787 233 3839 in
259 3785 341 3838 curia
367 3796 466 3838 nostra
490 3782 568 3854 apud
596 3781 820 3844 Gloncestriam,
846 3798 945 3835 eoram
974 3782 1082 3837 dilecto
1111 3790 1142 3837 et
1171 3783 1342 3839 fidelim·

201 3882 302 3924 nostro
319 3869 450 3923 Waltero
469 3866 506 3922 de
524 3866 646 3938 Helyun
660 3865 827 3937 justitiario
844 3874 944 3921 nostro
961 3866 999 3921 ad
1018 3867 1073 3922 hoc
1091 3868 1250 3940 assignato,

202 3966 405 4025 recuperasset
423 3953 569 4022 seysinam
588 3969 672 4006 suam
689 3968 792 4006 tersus
812 3949 996 4005 Gilebertum
1012 3951 1041 4004 le
1059 3951 1207 4018 l'oreeter,
1222 3961 1254 4009 et

203 4038 370 4094 Gilbermm
395 4037 431 4091 de
449 4036 536 4091 Clare
567 4037 704 4090 comitem
732 4035 921 4089 Gloecestriae
948 4046 978 4089 et
1004 4035 1195 4102 Hertlordiae,
1214 4036 1253 4092 de

202 4123 407 4178 eentumacris
426 4121 508 4176 bosci
526 4138 593 4175 cum
611 4121 796 4192 pertinentiis
815 4119 1058 4190 inllayesmore¹
1077 4139 1132 4192 per
1148 4139 1253 4192 recog.

202 4207 344 4262 nitionem
362 4206 463 4260 assiste
487 4222 570 4260 nore
588 4203 754 4260 disseisiute
771 4203 840 4258 inde
858 4205 935 4259 inter
951 4221 1002 4260 eos
1020 4203 1130 4260 ibidem
1147 4213 1253 4278 eapte,

200 4290 292 4346 iidem
309 4290 469 4354 Gilbertus,
490 4287 686 4360 Radulphns,²
703 4296 735 4344 et
755 4287 916 4352 Gilbertns,
935 4289 1091 4360 prefatum
1118 4290 1255 4347 abbatem

204 4374 241 4431 de
266 4376 406 4446 predicto
424 4375 512 4429 bosco
537 4375 644 4429 iterum
671 4373 780 4443 injuste
798 4372 1021 4443 disseisyerunt
1058 4374 1097 4429 Et
1115 4374 1182 4431 ideo
1199 4375 1256 4430 tibi

236 4593 243 4622 ¹
269 4589 403 4655 Wilreruqe
424 4590 445 4639 is
468 4590 577 4639 inserted
595 4590 655 4639 bere
678 4589 704 4636 in
755 4588 848 4638 hester.
881 4585 964 4638 'l'ltere
975 4591 1255 4642 mnstbemomittion

203 4669 580 4734 themargininalaterband
756 4667 1255 4733 inthepmiouspmotttedocmmt

238 4750 248 4779 ¹
264 4748 348 4813 Ralplt
359 4747 404 4799 ben
420 4757 466 4799 not
481 4750 545 4798 been
560 4747 705 4798 mentioned
