3218 5640
388 779 449 840 144
666 794 910 847 centenalem
931 797 1141 849 northman

382 980 433 1018 sex
451 962 593 1020 denarios.
630 966 786 1024 Memorati
803 986 873 1025 vero
890 971 1015 1026 Thomas
1035 972 1124 1027 abbas
1137 979 1167 1028 et
1184 973 1318 1029 monachi
1336 972 1429 1028 Glou·

382 1048 496 1103 cestriae
514 1049 662 1106 invenient
679 1052 752 1106 mihi
775 1059 806 1108 et
829 1051 897 1109 filias
921 1072 993 1110 meae
1011 1056 1123 1112 victum
1141 1063 1172 1112 et
1189 1058 1329 1113 vestitum
1347 1057 1428 1129 apud

383 1131 596 1190 Gloucestriam
614 1135 753 1206 quamdiu
771 1137 940 1195 vixerimus.
978 1140 1046 1197 Hiis
1064 1140 1199 1197 testibus.

720 1409 869 1476 DOLXI.
893 1409 941 1476 Dc
962 1409 1082 1476 eodem.

215 1583 284 1636 Ad).
297 1590 360 1638 11³5
417 1583 590 1655 Stephanus,
610 1600 661 1638 rex
687 1582 814 1656 Anglioe‚
834 1584 969 1640 Umiride
995 1586 1160 1641 vicecomiti
1186 1587 1222 1642 de
1240 1585 1375 1658 Wychio,
1396 1592 1427 1642 et

213 1656 304 1704 ⁴¹⁵⁴·
380 1668 523 1724 ministris
542 1669 613 1733 suis,
634 1668 768 1724 salutem.

213 1730 303 1848 ffiffi‘*
415 1752 559 1824 Praeeipio
589 1751 667 1824 quod
697 1752 830 1808 homines
861 1752 974 1808 abbatis
1012 1752 1204 1810 Gloucestrioe
1241 1753 1277 1809 de
1307 1754 1427 1810 Wichio

266 1814 288 1849 θ’
380 1842 497 1892 teneant
513 1843 608 1891 terras
626 1853 694 1891 suas
713 1841 744 1890 et
760 1836 857 1890 omnia
875 1836 1028 1900 suabsna,
1049 1837 1127 1892 etin
1144 1855 1224 1909 pace,
1239 1843 1269 1892 et
1283 1837 1375 1908 juste,
1396 1844 1428 1894 et

380 1921 482 1986 libere,
513 1920 590 1976 sicut
618 1919 723 1975 melius
748 1925 905 1976 tenuerunt
923 1926 1053 1992 tempore
1074 1922 1154 1993 regis
1175 1921 1307 1978 Henrici.
1354 1922 1426 1977 Hiis

379 2006 513 2063 testibus.

709 2275 878 2342 DGLXII.
902 2274 949 2342 Dc
970 2277 1090 2343 eodem.

210 2447 279 2499 AJ).
294 2454 356 2502 1135
415 2439 590 2512 Stephanus,
609 2458 660 2495 rex
685 2440 812 2512 Angliae‚
839 2441 974 2496 Umfrido
998 2442 1163 2497 vicecomiti
1183 2442 1220 2497 de
1236 2442 1371 2513 Wychio‚
1393 2449 1425 2499 et

209 2519 300 2567 -1154.
378 2524 521 2580 ministris
540 2525 612 2591 suis,
632 2525 766 2580 salutem.

210 2593 299 2645 ⁰f¹h⁸
412 2608 556 2680 Principio
595 2608 672 2680 quod
701 2609 834 2664 homines
869 2608 981 2665 abbatis
1019 2609 1210 2665 Gloucestriae
1240 2610 1276 2664 de
1305 2610 1425 2666 Wichio

209 2673 284 2711 ωε·
376 2697 494 2748 teneant
511 2698 605 2748 terras
624 2711 692 2749 suas
717 2700 747 2749 et
764 2692 862 2748 omnin
889 2710 942 2747 sua
965 2694 1048 2758 bene,
1069 2700 1099 2748 et
1126 2695 1155 2747 in
1182 2711 1263 2766 pace,
1284 2701 1314 2750 et
1328 2695 1422 2766 juste,

376 2780 405 2830 et
420 2775 523 2839 libere,
544 2775 620 2831 siout
637 2776 743 2831 melius
761 2782 919 2832 tenuerunt
935 2782 1068 2848 tempore
1085 2777 1166 2848 regis
1179 2778 1312 2833 Henrici.

411 2859 497 2915 'Peste
515 2857 625 2915 Milone
644 2858 835 2916 Gloucestriae
854 2857 931 2930 apud
948 2859 1106 2916 Wichium.

692 3129 883 3198 DCLXIII.
907 3130 956 3197 De
978 3131 1096 3198 codena

207 3306 353 3364 A.D.1179
379 3311 383 3316 '
411 3306 526 3364 Sciant¹
544 3313 703 3378 praesentes
722 3313 751 3362 et
769 3306 871 3370 futuri,
886 3306 964 3377 quod
982 3323 1037 3376 ego
1056 3305 1197 3361 Osbertus
1216 3306 1252 3360 de
1264 3305 1330 3363 Wia
1349 3305 1420 3362 dedi

207 3379 298 3427 ‘¹²⁰5·
375 3398 404 3447 et
420 3392 559 3455 concessi,
573 3396 603 3445 et
619 3390 756 3461 prasenti
768 3396 849 3445 carta
859 3406 926 3444 mea
937 3389 1115 3454 confirmari,
1128 3406 1182 3460 pro
1200 3389 1295 3444 salute
1312 3389 1420 3444 animm

208 3463 297 3518 orne
374 3494 448 3531 mem
466 3482 496 3531 et
513 3481 729 3531 antecessorum
749 3490 891 3537 meorum,
911 3472 982 3538 Deo,
1003 3479 1034 3528 et
1051 3474 1183 3529 ecelesiae
1211 3472 1310 3529 Sancti
1335 3473 1421 3528 Petri

205 3545 281 3584 '²¹⁰⁰'
374 3559 574 3623 Gloucestriae,
595 3564 625 3613 et
641 3558 758 3613 Theman
776 3557 873 3611 abbati
891 3562 921 3611 et
931 3556 1081 3611 monachis
1100 3556 1289 3613 Gloucestrin
1308 3556 1421 3612 ibidem

373 3643 435 3698 Deo
453 3642 659 3705 servientibus,
680 3638 832 3695 dimidiam
850 3639 958 3712 hydam
975 3646 1063 3695 terrae
1081 3645 1111 3695 et
1129 3641 1261 3706 salinam,
1275 3645 1306 3694 et
1322 3646 1421 3695 totum

367 3726 419 3797 jus
438 3726 516 3798 qnod
534 3743 589 3796 ego
607 3729 637 3780 et
663 3729 860 3778 antecessores
879 3724 938 3778 mei
965 3723 996 3777 in
1017 3723 1060 3778 eis
1081 3723 1247 3789 habuimus,
1267 3741 1332 3794 quae
1352 3742 1420 3796 per·

369 3810 464 3866 tinent
481 3809 519 3864 ad
536 3809 716 3864 Berthenam
729 3807 838 3861 domini
850 3807 930 3877 regis
944 3824 1009 3878 qum
1028 3813 1074 3862 est
1091 3813 1173 3862 extra
1191 3807 1418 3874 monastriam,

370 3894 401 3949 in
418 3912 522 3966 puram
541 3899 571 3948 et
587 3897 759 3964 perpetuam
777 3890 976 3955 elemosinam,
990 3889 1032 3945 ita
1049 3890 1140 3945 libere
1153 3898 1183 3946 et
1201 3893 1300 3963 quiete
1318 3897 1420 3946 tenen·

370 3978 422 4034 das
441 3978 519 4034 sicut
543 3994 599 4048 ego
624 3989 655 4032 et
679 3982 876 4030 antecessores
901 3974 960 4028 mei
986 3973 1171 4029 haereditario
1192 3975 1260 4046 jure
1285 3992 1418 4046 unquam

369 4061 493 4116 liberius
512 4065 542 4116 et
560 4059 689 4132 quietius
708 4076 756 4113 aas
780 4057 944 4122 tenuimus;
971 4057 1062 4111 salvis
1080 4056 1138 4112 hiis
1157 4076 1222 4129 qnae
1240 4057 1307 4112 inde
1326 4076 1419 4113 annu·

370 4147 442 4201 atim
473 4144 548 4200 solvi
578 4142 692 4207 debent,
724 4140 862 4197 videlicet
892 4139 1047 4194 Berthonae
1077 4139 1188 4195 domini
1220 4141 1301 4212 regis
1334 4148 1420 4197 extra

371 4228 585 4285 Glaucestriam
614 4227 714 4282 decem
742 4224 845 4280 solidis
876 4230 906 4279 et
936 4223 1129 4294 quadraginta
1158 4224 1251 4280 mittis
1279 4224 1360 4289 salis,
1388 4232 1420 4281 et

370 4312 526 4384 Radnlpho
548 4311 609 4366 tilio
634 4307 775 4380 Stephani
797 4307 1000 4363 novemdecim
1017 4307 1111 4363 mittis
1130 4325 1195 4379 quae
1213 4309 1363 4379 pertinent
1380 4309 1420 4363 ad

368 4396 575 4451 Winterbmne
606 4399 637 4449 ct
663 4391 869 4465 Wappeleyam
894 4391 980 4446 villas
1010 4409 1088 4456 suas,
1116 4409 1169 4463 pro
1199 4392 1305 4462 quibus
1336 4390 1417 4446 idem

369 4479 542 4550 Radulphus
568 4477 763 4550 quadraginta
790 4474 924 4530 denarios
951 4475 1101 4530 annuatim
1127 4475 1239 4530 eisdem
1265 4476 1419 4531 monachis

530 4642 601 4647 -..,
627 4641 654 4645 7,-
705 4640 728 4644 ..
749 4640 752 4644 v
774 4635 1083 4643 -----·-0---.-.-....
1125 4637 1182 4642 —-.
1199 4635 1328 4645 -ne0-....

420 4743 427 4772 ¹
445 4739 516 4802 This,
527 4739 549 4793 it
558 4738 612 4790 will
622 4739 654 4789 be
665 4751 733 4799 seen,
744 4734 767 4786 is
777 4749 794 4786 a
804 4732 936 4800 repetition
947 4733 1034 4786 ofNo.
1046 4733 1151 4788 DCLX.
1163 4736 1241 4799 (aare,
1251 4751 1275 4800 p.
1291 4739 1359 4804 1⁴3).
