3218 5640
365 790 429 859 178
655 807 904 857 cmrommun
926 805 1136 856 noussrmn

365 987 595 1060 quandocunque
630 988 787 1059 contigerit
825 988 856 1042 in
895 1005 930 1042 ea
959 988 1143 1042 venationem
1179 985 1244 1056 capi
1274 983 1312 1038 ad
1344 1001 1421 1055 opus

363 1077 505 1134 nostrum,
527 1070 593 1143 [per
611 1076 792 1143 praeceptum
809 1068 977 1142 nostrum]¹
995 1071 1143 1126 decimam
1161 1069 1227 1124 sine
1247 1067 1423 1124 difficultate

364 1156 407 1210 eis
425 1154 533 1209 habere
551 1154 674 1210 faciatis.

399 1239 437 1295 In
454 1239 542 1310 hujus
561 1240 604 1293 rei
621 1239 831 1304 testimouium,
853 1237 919 1294 etc.²

445 1534 669 1602 DCOXXIII.
698 1533 894 1621 Wodesorde,
914 1534 1039 1600 scilicet
1061 1533 1102 1600 de
1129 1532 1337 1600 molendino.

398 1711 499 1768 Sciant
523 1718 681 1783 praesentes
706 1719 737 1767 et
760 1711 861 1777 futuri,
888 1712 966 1782 quod
992 1729 1050 1783 ego
1077 1711 1249 1767 Osmundus
1275 1710 1417 1775 Basseth‚

263 1803 271 1819 ·
360 1812 501 1850 concessu
524 1795 646 1850 Roberti
672 1795 788 1850 Folioth
821 1795 935 1866 nopotis
969 1801 1000 1851 et
1029 1795 1155 1850 baeredis
1185 1795 1254 1860 mei,
1284 1793 1355 1850 dedi
1386 1795 1419 1850 in

359 1878 557 1944 elemosinam,
578 1897 631 1949 pro
649 1880 746 1933 auimo
763 1896 829 1933 mea
846 1885 876 1933 et
894 1879 1024 1950 Iugrida
1042 1880 1141 1934 uxoris
1159 1897 1243 1942 mea,
1264 1884 1296 1934 et
1312 1897 1420 1950 paren·

359 1967 423 2016 tum
441 1980 583 2026 meorum,
604 1962 676 2025 Deo,
697 1969 726 2017 et
747 1962 853 2017 Sancto
871 1962 969 2027 Petro,
990 1968 1020 2018 et
1036 1962 1188 2017 monachis
1210 1961 1418 2026 Glouoostrioe,

359 2044 418 2100 duo
455 2046 621 2100 molendina
656 2045 692 2100 de
722 2046 907 2109 Wodet'orde,
946 2051 976 2101 et
1007 2050 1100 2101 totam
1131 2050 1242 2100 terram
1273 2063 1342 2115 quae
1380 2045 1419 2100 ad

360 2129 529 2184 molendina
554 2130 691 2200 pertinet,
721 2146 787 2184 cum
824 2147 881 2184 uno
908 2129 1026 2183 homine
1051 2129 1169 2184 nornine
1198 2128 1361 2193 willelmo,
1389 2134 1422 2184 et

360 2217 423 2268 tota
449 2213 636 2284 generatione
663 2231 725 2277 sua,
752 2213 847 2267 libera
873 2218 904 2268 et
929 2213 1029 2282 quieta
1055 2213 1091 2266 ab
1118 2211 1197 2267 omni
1225 2212 1362 2276 servitio,
1388 2218 1421 2267 et

361 2296 518 2360 exactione,
539 2301 569 2351 et
586 2297 804 2361 consuetudine,
824 2313 889 2367 qum
908 2295 945 2350 sd
962 2313 1010 2349 me
1028 2295 1164 2366 pertinet,
1179 2300 1209 2350 et
1226 2295 1265 2351 ed
1282 2294 1421 2351 hamdos

360 2396 450 2434 meos.
499 2378 599 2433 Abbas
629 2396 699 2435 vero
725 2386 755 2434 et
783 2379 918 2433 monaehi
946 2383 1152 2434 concesserunt
1178 2378 1251 2433 mihi
1279 2379 1420 2434 fraterni·

361 2467 452 2518 tatem
480 2462 538 2518 loci
569 2462 625 2527 sui,
657 2469 687 2517 et
723 2480 828 2517 nomen
858 2479 958 2517 meum
986 2462 1018 2516 in
1048 2462 1219 2532 martilogio
1251 2462 1353 2526 scribi,
1387 2468 1420 2517 et

361 2547 592 2601 anniversarium
616 2563 715 2601 meum
734 2547 766 2601 in
787 2551 970 2617 perpetuum,
991 2545 1068 2602 sicut
1083 2545 1137 2600 uni
1155 2546 1297 2617 ipsorum,
1318 2545 1424 2601 obser-

359 2630 497 2685 vandum.

396 2713 462 2767 Hoc
481 2714 550 2783 quia
567 2713 634 2768 volo
651 2730 715 2768 esse
734 2713 860 2778 firmum,
881 2717 936 2767 etc.

684 2995 900 3062 nooxxrv.
930 2994 1083 3082 wespa

398 3176 540 3233 Omnibus
571 3176 682 3239 Christi
718 3176 854 3230 fidelibus
883 3192 1012 3246 praesens
1051 3177 1195 3249 scriptum
1225 3179 1337 3236 visuris
1368 3183 1423 3238 vel

257 3281 264 3294 ·
362 3261 517 3326 audituris,
538 3259 559 3316 J
561 3259 581 3316 .⁸
598 3261 655 3314 Dei
676 3261 773 3331 gretia
798 3260 886 3314 abbas
912 3265 943 3315 et
967 3268 1127 3316 conventus
1148 3261 1248 3318 Sancti
1267 3263 1354 3320 Petri
1382 3265 1425 3322 de

362 3345 536 3410 Glocestria,
557 3345 682 3400 salutem
699 3344 730 3398 in
748 3343 881 3397 Domino.

397 3429 524 3484 Noverit
540 3427 718 3483 universitas
735 3432 834 3481 vestra
852 3425 930 3495 quod
956 3445 1018 3491 nos,
1038 3427 1169 3482 unanimi
1195 3447 1329 3497 assensu,
1350 3451 1425 3489 oon·

362 3513 505 3568 cessimus
535 3517 566 3567 et
594 3509 779 3574 tradidimus,
806 3515 836 3564 et
860 3509 915 3565 hoc
939 3511 1077 3580 praesenti
1106 3513 1216 3582 scripto
1245 3520 1351 3571 nostro
1382 3518 1424 3573 ad

361 3596 482 3651 modum
506 3593 684 3665 cyrographi
711 3592 786 3647 lacto
811 3592 1056 3658 confirmavimus,
1076 3594 1207 3649 Henrico
1233 3595 1269 3650 de
1289 3597 1428 3670 Reigute

361 3684 454 3734 totam
471 3683 581 3732 terram
598 3681 728 3731 nostram
752 3675 788 3729 de
806 3674 958 3745 Welbope,
978 3695 1046 3730 cnm
1064 3678 1199 3732 omnibus
1225 3681 1423 3750 pertinentiis

362 3762 433 3826 suis,
460 3767 490 3816 ct
516 3777 584 3815 cum
613 3758 746 3813 omnibus
773 3757 932 3813 commodis
960 3766 990 3814 et
1011 3760 1150 3829 proficuis
1178 3780 1244 3833 qma
1272 3764 1310 3820 de
1338 3766 1426 3824 diota

362 3851 442 3900 terra
467 3844 516 3898 rel
540 3842 705 3897 hominibus
735 3841 766 3895 in
791 3841 870 3896 dicta
894 3846 974 3896 terra
1002 3846 1186 3900 manentibus
1218 3847 1319 3918 aliquo
1346 3853 1425 3908 essu

362 3928 549 3998 contingente
567 3925 699 3981 accidere
717 3930 872 3996 poterunt;
900 3943 989 3995 quarn
1007 3927 1096 3980 etiam
1120 3934 1232 3983 terram
1258 3932 1426 3992 habuimus

362 4010 398 4065 de
424 4011 498 4065 dono
516 4009 626 4064 domini
653 4006 800 4078 Radulphi
828 4007 863 4062 de
890 4007 1049 4063 Wilintone
1073 4011 1188 4075 militis,
1215 4014 1289 4069 adeo
1321 4015 1429 4074 libere

362 4100 393 4148 et
410 4093 524 4162 integro
543 4091 621 4146 siout
637 4089 715 4144 idem
734 4089 907 4161 Radulphus
932 4109 996 4145 eam
1021 4092 1104 4147 nobis
1130 4093 1228 4162 dedit;
1257 4099 1425 4156 tenendam

362 4179 392 4229 et
413 4174 576 4230 habendam
592 4172 670 4228 dicto
688 4173 817 4228 Henrioo
835 4179 865 4228 et
887 4173 1053 4229 haeredibus
1072 4176 1134 4230 suis
1160 4178 1223 4232 sive
1242 4181 1426 4252 assignetis,

396 4418 465 4482 'per
484 4426 628 4484 preceptum
652 4418 770 4483 msam]
797 4417 862 4482 Sup-
941 4417 1065 4469 Testeme
1076 4419 1131 4483 ipso
1139 4423 1207 4486 apud
1215 4422 1428 4490 Bmdmeswke,

362 4496 430 4559 plied
440 4496 505 4545 from
516 4497 578 4562 Reg.
591 4498 625 4546 A.
906 4496 994 4559 quinto
1027 4497 1069 4547 die
1100 4498 1225 4564 Augusti,
1244 4517 1312 4553 anno
1342 4508 1426 4572 regni

395 4573 861 4640 ²1n....etc.]1noujusreites·
905 4576 1180 4628 nostridecimonono.
1215 4579 1330 4646 RegA.

362 4651 496 4702 timonium
515 4652 561 4702 bas
581 4653 677 4705 litteras
693 4660 791 4703 nostrus
806 4651 860 4704 deri
938 4653 1007 4720 'J.]
1036 4655 1107 4706 Most
1128 4659 1253 4726 probably
1282 4659 1358 4714 John
1387 4664 1428 4716 de

361 4729 468 4781 fecimus
478 4737 597 4795 patentes
904 4731 992 4785 relus.
