3218 5640
360 798 425 862 244
649 808 898 861 caaruaaamn
919 807 1131 859 rouasrnun

359 1004 468 1058 urgens
486 987 638 1057 negotium
655 1003 763 1041 meum.
800 985 840 1040 Bt
857 1001 913 1055 ogo
929 983 1089 1055 pradictus
1106 983 1214 1040 Petrus
1233 989 1265 1040 et
1280 983 1418 1040 brer-edes

359 1070 418 1124 mei
436 1069 607 1142 pradictum
624 1076 734 1126 terram
746 1086 814 1125 cum
832 1068 1017 1140 pertinentiis
1030 1068 1092 1124 suis
1109 1068 1243 1140 prefatis
1261 1068 1417 1140 religiosis

361 1160 391 1210 et
409 1173 510 1209 eorum
528 1154 747 1210 successoribus
765 1159 866 1209 eontra
883 1171 984 1208 omnes
1001 1152 1141 1209 mortales
1156 1152 1418 1208 warantizabimus

362 1239 392 1293 in
410 1244 593 1313 perpetuum.
631 1239 671 1293 Et
688 1239 714 1293 si
732 1237 884 1309 contingat
901 1236 980 1308 quod
1002 1235 1111 1291 dictam
1128 1243 1241 1292 terram
1257 1254 1318 1291 uon
1335 1243 1419 1309 pote·

360 1323 453 1377 rimus
479 1322 590 1377 eisdem
616 1322 816 1386 warantizare,
835 1327 947 1377 tantam
971 1321 1125 1392 pecuniam
1150 1320 1240 1376 dictis
1264 1321 1418 1392 religiosis

359 1406 548 1461 retundemus
567 1412 705 1478 quautam
723 1405 761 1460 ab
778 1403 890 1460 eisdem
907 1404 1006 1476 recepi
1023 1421 1085 1475 pree
1103 1405 1241 1459 manibus
1259 1410 1294 1460 ut
1312 1422 1416 1477 supra·

361 1490 472 1545 dictum
490 1497 544 1546 est.

359 1643 363 1650 ·
396 1575 436 1630 Et
452 1582 487 1631 ut
503 1575 566 1630 hac
584 1591 650 1629 mea
666 1573 793 1640 donatio,
814 1579 869 1629 etc.

660 1840 874 1906 Duccxvl.
900 1839 1113 1907 dimicate-ia.

196 1998 262 2048 AJ).
276 2004 340 2048 1263
399 1997 500 2053 Sciant
528 2003 687 2069 praesentes
718 2002 749 2052 et
778 1998 879 2061 futuri,
912 1996 992 2068 quod
1020 2015 1074 2052 nos
1104 1995 1329 2068 R[eginaldus]‚
1361 1997 1418 2052 Dei

194 2070 284 2115 4284.

194 2143 283 2194 Oftbe

193 2224 268 2262 seme.

362 2082 459 2153 gratia
477 2081 565 2136 abbas
584 2088 614 2135 et
634 2088 793 2135 conventus
819 2081 919 2136 Sancti
943 2081 1025 2135 Petri
1050 2079 1252 2145 Gloneestriae,
1272 2082 1418 2137 concessi·

362 2184 427 2220 mus
446 2173 476 2220 et
494 2165 668 2220 tradidimus
681 2164 811 2219 Waltero
824 2164 860 2219 de
872 2165 1037 2230 Andovere,
1050 2165 1131 2219 illam
1146 2172 1257 2220 terram
1274 2173 1417 2231 nostram,

362 2269 428 2305 cum
456 2250 588 2304 aedificiis
616 2249 819 2320 superpositis,
847 2267 936 2320 quam
963 2249 1084 2304 Juliana
1110 2249 1193 2320 Lovy
1210 2249 1296 2304 uobis
1324 2250 1416 2315 dedit,

362 2352 427 2403 quim
447 2333 565 2404 quidem
590 2340 671 2388 terra
695 2334 774 2403 jacet
801 2351 836 2387 ex
864 2333 996 2403 opposito
1024 2332 1155 2388 ecclesia
1182 2333 1284 2388 Beata
1313 2334 1418 2389 Maria

362 2425 428 2471 unte
447 2424 561 2487 portam
580 2417 704 2472 abbatim
723 2423 830 2471 nostra
855 2417 933 2472 inter
962 2423 1072 2472 terram
1098 2435 1163 2489 quaa
1190 2417 1341 2489 quondam
1363 2419 1419 2473 fuit

361 2501 486 2556 Henriei
505 2501 677 2555 Warefordc
696 2518 731 2555 ex
749 2507 832 2572 parte
851 2519 910 2556 una
927 2507 957 2556 et
974 2509 1084 2556 terram
1101 2508 1232 2556 nostram
1251 2520 1288 2556 ex
1305 2503 1417 2567 altora3

360 2584 522 2638 habendam
542 2590 572 2639 et
591 2585 754 2648 tenendam,
775 2585 811 2639 de
830 2585 914 2640 uobis
934 2592 964 2641 et
982 2586 1202 2641 suecessoribus
1219 2587 1342 2650 uostris,
1362 2587 1420 2642 sibi

361 2676 391 2722 et
417 2658 584 2722 birredibus
611 2669 682 2734 suis,
710 2668 814 2732 libere,
836 2669 944 2739 quiete,
965 2669 1049 2735 bene,
1076 2675 1106 2724 et
1130 2669 1161 2723 in
1186 2686 1268 2740 pace,
1297 2670 1330 2725 in
1356 2688 1421 2742 per-

361 2759 492 2822 potuum.

398 2835 557 2888 Reddendo
576 2835 643 2889 inde
662 2835 812 2890 annuatim
830 2835 913 2890 nobis
933 2841 963 2890 et
984 2835 1204 2908 suecessoribus
1221 2838 1334 2893 uostris
1352 2855 1422 2909 qua·

360 2919 522 2973 tuordecim
542 2918 650 2973 solidos
669 2919 784 2989 argenti
797 2919 834 2973 ad
847 2925 973 2990 quatuor
985 2920 1054 2975 anni
1066 2921 1217 2986 terminos,
1230 2921 1375 2977 videlicet
1384 2921 1421 2976 ad

361 3003 469 3057 festum
487 3003 729 3058 Annunciationis
756 3002 917 3058 Dominicae
943 3010 1003 3058 tres
1028 3003 1136 3058 solidos
1157 3010 1188 3058 ct
1206 3021 1258 3060 sex
1285 3005 1419 3061 denarios

359 3086 396 3141 ad
414 3087 522 3141 festum
541 3087 625 3141 Beati
647 3087 666 3140 J
668 3086 790 3141 ohannis
815 3086 959 3158 Baptistae
978 3094 1039 3142 tres
1059 3087 1167 3142 solides
1193 3105 1244 3143 sex
1268 3088 1415 3155 denarios.

360 3171 445 3225 etad
464 3171 573 3225 festum
593 3171 692 3226 Sancti
711 3170 866 3225 Michaelis
890 3177 952 3226 tres
977 3171 1085 3226 solidos
1104 3176 1135 3226 et
1151 3189 1203 3226 sex
1219 3172 1370 3237 denarios.
1389 3180 1418 3229 et

360 3255 397 3309 ad
423 3255 530 3310 sestam
558 3255 643 3309 Beati
670 3254 796 3309 Andreae
815 3255 948 3325 Apostoli
974 3260 1035 3310 tres
1053 3254 1162 3311 solidos
1187 3274 1239 3310 sex
1270 3256 1416 3336 denarios,

359 3357 413 3410 pro
431 3340 510 3393 omui
529 3339 649 3393 servitio
668 3338 705 3392 ad
722 3356 775 3393 nos
794 3338 861 3392 inde
880 3339 1059 3410 pertiuente;
1080 3339 1162 3395 salva
1178 3340 1264 3396 nobis
1283 3348 1365 3398 secta
1381 3341 1418 3397 ed

360 3424 472 3478 curiam
490 3431 618 3478 nostram
637 3422 673 3476 de
693 3423 878 3478 Glouccstria
896 3424 1030 3494 quotiens
1049 3441 1114 3478 eam
1134 3424 1229 3479 teneri
1249 3424 1416 3481 fecerimus.

361 3508 452 3561 Terra
468 3525 539 3561 vero
558 3507 706 3578 predicta,
726 3524 779 3577 per
803 3507 901 3560 risum
924 3506 1066 3578 legalium
1087 3508 1219 3563 virorum
1236 3518 1415 3575 mensurata,

361 3591 490 3645 continet
507 3591 538 3645 in
563 3590 747 3660 longitudine
765 3608 868 3645 versus
896 3591 1027 3661 placeam
1052 3591 1153 3647 decern
1177 3592 1282 3664 virgas
1307 3593 1416 3650 domini

360 3675 441 3745 regis
460 3676 590 3728 ulnarias
612 3692 679 3728 cum
698 3674 853 3745 pollicibus
880 3674 1063 3746 interpositis
1088 3681 1119 3731 ct
1135 3682 1197 3731 tres
1215 3677 1359 3747 pollices;
1386 3679 1416 3733 in

360 3757 518 3812 latitudine
548 3774 619 3811 vero
650 3758 778 3812 continet
808 3758 1031 3829 quatuordecim
1060 3758 1161 3830 virgas
1192 3759 1305 3816 domini
1335 3762 1415 3834 regis

360 3841 491 3895 ulnarias
522 3858 589 3895 enm
618 3840 774 3912 pollicibus
804 3842 984 3912 interpositis
1015 3849 1045 3898 et
1074 3860 1165 3896 unum
1195 3842 1354 3914 pollicem
1385 3846 1415 3901 in

361 3925 457 3979 medio
486 3943 557 3979 vcro
587 3925 717 3980 continet
740 3927 771 3978 in
795 3925 950 3980 latitudine
978 3925 1145 3997 quindecim
1174 3927 1278 3998 virgas
1305 3928 1415 3986 domiui

360 4009 441 4077 regis
461 4007 590 4062 alnarias
617 4025 684 4062 eum
710 4007 865 4079 pollicibus
894 4009 1074 4081 interpositis
1101 4016 1132 4065 et
1150 4016 1276 4082 quatuor
1293 4013 1414 4084 pollices

360 4098 390 4147 et
417 4090 571 4146 dimidium
599 4092 753 4162 pollicem3
781 4092 813 4146 in
840 4093 1036 4164 profunditate
1063 4095 1193 4150 continet
1219 4096 1415 4169 quadraginta

360 4182 485 4248 quatuor
512 4175 613 4245 virgas
639 4175 750 4230 domini
777 4176 857 4247 regis
884 4177 1014 4232 ulnarias
1041 4194 1108 4231 oum
1137 4177 1296 4248 pollicibus
1327 4179 1414 4235 inter·

358 4259 463 4329 positis
482 4264 512 4312 et
524 4275 616 4313 unum
629 4258 810 4329 quarterium
823 4265 853 4314 et
864 4267 976 4331 septem
994 4261 1125 4333 pollices.
1162 4260 1303 4318 AEdiflcia
1316 4271 1413 4319 autem

359 4360 448 4414 super
465 4342 618 4413 praesatam
635 4355 745 4397 terram
763 4342 794 4397 iu
812 4343 989 4399 confectione
1001 4344 1155 4415 praesentis
1173 4344 1279 4416 scripti
1296 4346 1414 4403 inventa

357 4443 411 4497 per
429 4425 591 4496 fidedignes
616 4425 747 4480 homines
775 4427 938 4501 appretiata
963 4427 1117 4483 duodecim
1134 4438 1256 4485 'marcas
1275 4430 1412 4503 sterling·

359 4525 444 4563 orum
469 4526 522 4580 per
545 4526 646 4564 veram
675 4509 813 4566 valebant
842 4511 1074 4566 aestimationem.
1123 4511 1290 4568 Pradictus
1315 4520 1412 4570 autem

358 4592 516 4657 Walterus,
536 4599 598 4648 tam
616 4599 697 4648 certa
721 4595 910 4649 conventione
934 4596 1010 4650 inter
1034 4613 1087 4651 nos
1109 4596 1186 4652 facta
1204 4614 1295 4669 quam
1312 4603 1412 4653 tenore

357 4675 511 4746 praesentis
538 4676 651 4747 scripti,
672 4694 703 4731 se
728 4683 759 4732 et
784 4677 915 4733 haeredes
944 4696 1013 4734 suos
1038 4679 1183 4751 obligavit
1208 4680 1287 4750 quod
1314 4682 1412 4737 omnia

358 4759 423 4831 ipsa
440 4758 564 4815 aedificia
587 4761 771 4832 superposita
794 4761 825 4817 in
843 4761 916 4817 adeo
943 4762 1018 4817 bono
1044 4768 1123 4818 statu
1141 4780 1194 4817 seu
1213 4763 1331 4819 meliori
1350 4783 1411 4820 sus·
