3218 5640
357 801 421 862 212
645 814 895 864 eneruauerunt
917 814 1127 864 nouasraun

354 988 436 1043 Petri
449 989 640 1045 Gloucestriae
653 1008 688 1044 ex
699 996 782 1062 parte
794 1009 860 1052 una,
876 996 905 1045 ct
917 991 1066 1045 dominum
1079 989 1099 1043 J
1100 989 1242 1043 ohannem
1254 983 1408 1057 Trcygoz¹

354 1077 478 1131 militem
497 1095 532 1131 cx
544 1077 645 1141 altera,
666 1094 754 1146 super
772 1076 896 1130 ecclesis
909 1076 1008 1130 Sancti
1025 1074 1153 1129 Andreae
1171 1073 1207 1128 de
1219 1069 1409 1126 Burentam²

355 1159 460 1216 suisset
484 1161 522 1215 lis
541 1160 669 1224 suborta,
688 1161 752 1216 haec
777 1167 822 1214 eet
840 1161 993 1214 conventio
1019 1160 1097 1214 facta
1120 1158 1197 1214 inter
1214 1163 1313 1227 partes
1332 1172 1409 1225 prae·

355 1243 448 1298 dictas
473 1244 510 1298 ad
538 1245 705 1315 sopiendam
735 1243 817 1298 litem
842 1245 1003 1314 praefatam,
1030 1243 1170 1297 videlicet
1200 1241 1278 1312 quod
1308 1239 1408 1294 dictus

355 1326 489 1382 dominus
521 1327 667 1381 Johannes
685 1328 856 1397 recognovit
874 1334 943 1382 tunc
962 1327 1074 1381 ibidem
1104 1343 1203 1380 core-m
1230 1323 1408 1394 justiciariis

358 1412 526 1465 memoratis
545 1411 763 1466 advocationem
782 1411 929 1480 praedictas
948 1410 1080 1464 ecclesiae
1098 1409 1134 1463 de
1153 1408 1323 1463 Burneham
1341 1422 1408 1460 esee

354 1493 403 1563 jue
422 1495 628 1565 praedictorum
644 1495 756 1549 abbatis
777 1492 821 1564 [et
833 1491 1017 1563 conventus]³
1030 1493 1222 1548 Gloucestriae
1235 1498 1266 1546 et
1283 1489 1408 1544 advoca·

355 1577 463 1631 tionem
483 1596 534 1632 seu
553 1578 602 1648 jus
620 1584 791 1648 patronatus
809 1578 902 1647 ipsius
925 1577 1056 1631 ecclesiae
1075 1576 1111 1630 de
1129 1575 1322 1638 Burenham,⁴
1339 1591 1407 1628 nec·

354 1678 412 1716 non
438 1666 468 1715 et
494 1662 544 1730 jus
571 1661 676 1732 siquod
701 1661 805 1716 habuit
829 1662 876 1715 vel
904 1661 1011 1715 habere
1038 1661 1135 1731 potuit
1160 1659 1190 1714 in
1217 1657 1408 1713 advocatione

355 1743 486 1799 ecclcsiae
512 1745 549 1799 de
577 1744 685 1800 Sancta
709 1745 813 1815 Keynra
832 1745 1058 1799 Hercfordensis
1083 1742 1236 1815 dyoecesis,
1254 1748 1285 1797 et
1311 1742 1409 1812 ipsam

354 1827 572 1883 advocationem
589 1829 741 1892 relaxavit,
754 1829 877 1891 remisit,
892 1829 1082 1892 confirmavit,
1096 1835 1126 1882 et
1147 1828 1277 1897 quietam
1299 1826 1408 1880 clama·

355 1912 407 1975 vit,
428 1929 481 1982 pro
507 1930 539 1967 se
559 1918 589 1967 ct
606 1913 771 1967 haeredibus
790 1913 852 1967 suis
878 1913 909 1966 in
935 1918 1110 1982 perpetuum
1128 1910 1289 1981 praemissis
1308 1909 1408 1963 abbati

354 1999 385 2049 et
402 1996 557 2050 conventui
574 1995 705 2050 ccclesiae
719 1995 817 2050 Sancti
838 1995 920 2050 Petri
942 1995 1142 2050 Glouceetriae.
1181 1994 1228 2048 Ita
1247 1992 1326 2064 quod
1347 2009 1409 2047 mc-

355 2080 461 2133 morati
487 2080 575 2134 abbas
594 2087 624 2134 et
642 2086 799 2135 conventus
818 2080 910 2134 libere
928 2080 1045 2134 valeant
1063 2077 1101 2132 ad
1119 2077 1236 2131 eaedem
1254 2076 1406 2139 ecclesias,

355 2163 488 2232 quotiens
512 2165 690 2226 vacaverint,
711 2163 828 2218 idoneas
855 2181 994 2234 personas
1012 2180 1065 2233 pro
1092 2179 1145 2216 suo
1170 2161 1254 2215 libito
1279 2178 1408 2231 praesen-

354 2253 426 2308 tare,
447 2247 494 2300 vel
513 2247 592 2318 ipsas
611 2247 749 2302 ecclesias
768 2248 793 2301 si
812 2248 940 2319 poterint
958 2248 988 2300 in
1006 2247 1140 2316 proprios
1157 2263 1230 2300 usus
1248 2244 1408 2316 adquirant

354 2329 464 2400 absque
482 2331 581 2400 aliquo
599 2331 806 2402 impedimento
825 2332 918 2401 ipsius
937 2330 1047 2385 domini
1067 2328 1208 2383 Johannis
1228 2346 1281 2382 seu
1293 2329 1408 2398 aliquo-

353 2430 418 2467 rum
448 2414 596 2468 haeredum
623 2432 753 2468 suorum.
802 2414 861 2469 Pro
888 2414 944 2468 hac
976 2421 1075 2468 autem
1101 2412 1304 2483 recognitione
1329 2411 1407 2474 sua,‘

353 2496 533 2559 remissione,
562 2498 787 2560 confirmatione,
815 2503 844 2551 et
872 2498 971 2567 quieta
997 2497 1179 2559 clamatione,
1205 2495 1351 2550 dederunt
1378 2502 1409 2551 et

354 2587 559 2635 concesserunt
583 2581 744 2651 supradicti
763 2582 851 2635 abbas
875 2587 906 2634 ct
932 2586 1101 2643 conventus,
1121 2579 1159 2633 ad
1184 2579 1354 2634 instantiam
1377 2585 1408 2634 et

354 2670 491 2733 rogatum
518 2665 633 2733 prrcfati
661 2664 769 2718 domini
790 2665 941 2726 Johannis,
961 2665 1052 2734 priori
1071 2669 1101 2717 et
1118 2663 1268 2718 monachis
1288 2663 1351 2717 suis
1369 2662 1407 2718 de

354 2746 482 2815 Ewyas,⁸
500 2746 655 2800 ecclesiam
681 2747 717 2800 de
744 2748 807 2817 Foy
831 2766 919 2818 quarn
942 2748 1050 2802 habent
1073 2748 1104 2800 in
1124 2747 1257 2817 proprios
1276 2764 1351 2800 usus
1369 2746 1408 2800 ad

352 2836 522 2900 perpetuant
541 2830 664 2893 firmam,
677 2832 720 2885 ita
732 2832 809 2901 quod
828 2832 918 2885 iidem
936 2832 1017 2901 prior
1029 2837 1059 2885 et
1070 2831 1204 2885 monachi
1217 2829 1409 2886 sustinebunt

352 2911 450 2965 omnia
474 2929 563 2967 onera
586 2913 734 2967 ordinaria
751 2922 781 2969 et
799 2914 1030 2968 extraordinaria
1053 2915 1147 2984 ipsius
1171 2914 1323 2977 ecclesiae3
1349 2913 1407 2969 sol·

352 3000 453 3049 rentes
485 2996 553 3049 inde
585 2998 734 3051 annuatim
764 2999 939 3053 monasterio
971 2998 1070 3053 Sancti
1100 2998 1182 3053 Petri
1212 2997 1409 3053 Glaucestriae

353 3085 469 3133 centum
489 3079 596 3134 solidos
614 3080 705 3134 libere
724 3088 753 3136 et
772 3082 895 3152 integre,
909 3081 1049 3135 videlicet
1059 3081 1089 3135 in
1101 3082 1176 3135 festo
1188 3080 1408 3136 Purificationis

352 3160 452 3216 Beetm
467 3162 608 3232 [MuriaeP
619 3163 765 3233 Virginis,
780 3167 852 3219 etin
866 3167 941 3219 sesto
953 3164 1125 3219 Natiuitatis
1138 3163 1241 3219 Beati⁸
1260 3164 1280 3218 J
1281 3164 1407 3234 ohannis

352 3244 503 3316 Baptistae,
517 3263 570 3318 pro
589 3248 749 3317 aequalibus
767 3249 958 3320 portionibus,
972 3266 1025 3319 pro
1038 3248 1181 3302 fructibus
1200 3247 1295 3319 ipsius
1312 3234 1408 3303 eccle·

352 3329 404 3383 siue
423 3347 495 3400 quos
514 3329 585 3384 dicti
603 3330 692 3385 abbas
711 3338 741 3386 et
757 3339 916 3386 conventus
934 3332 1085 3403 percipere
1097 3336 1321 3385 consueverunt.
1358 3330 1409 3386 Ad

351 3410 415 3468 htec
444 3413 533 3468 iidem
562 3415 651 3468 ebbae
684 3421 714 3470 et
737 3424 895 3470 conventus
921 3417 1108 3479 remiserunt,
1133 3420 1352 3480 concesserunt,
1379 3420 1409 3470 et

352 3495 484 3565 quietum
514 3497 723 3562 clamaverunt,
754 3517 807 3569 pro
832 3517 863 3552 se
897 3505 926 3552 et
956 3497 1172 3552 successoribus
1202 3497 1275 3560 suis,
1307 3498 1408 3553 eidem

351 3578 468 3634 domiuo
487 3581 614 3635 Johanni
633 3588 663 3636 et
679 3582 845 3637 haeredibus
872 3583 942 3644 suis,
970 3581 1188 3635 advocationem
1215 3581 1351 3636 ecclesiae
1369 3581 1407 3637 de

352 3661 500 3734 Lydiard⁹
518 3664 661 3734 dyoecesis
688 3665 803 3726 Surum,
824 3673 854 3719 et
879 3671 972 3719 totum
996 3664 1046 3734 jus
1074 3664 1153 3735 quod
1169 3663 1338 3719 habuerunt
1357 3664 1407 3719 rel

350 3745 458 3799 hebere
477 3755 633 3817 potuerunt
651 3749 681 3804 in
699 3749 810 3807 eadem.
831 3767 866 3802 cx
885 3749 1037 3803 donatione
1046 3747 1067 3779 ¹⁰
1078 3755 1296 3802 antecessorum
1307 3748 1407 3819 ipsius

351 3829 461 3885 domiui
481 3831 632 3886 Johannis.
680 3833 727 3886 Ita
745 3833 823 3904 quod
848 3833 935 3886 liceat
961 3831 1056 3886 eidem
1080 3831 1196 3885 domino
1221 3830 1351 3887 Johanni
1376 3839 1409 3888 et

351 3913 516 3969 hrcrcdibns
541 3916 602 3969 suia
621 3915 797 3969 adeundam
816 3923 992 3986 praesontare
1011 3916 1145 3985 quotiens
1173 3917 1326 3971 vacaverit
1350 3933 1408 3987 pro

352 4014 404 4051 suc
439 3998 523 4052 libito
552 3999 662 4070 ubsque
694 4000 793 4069 aliquo
822 3999 1031 4071 impedimento
1059 3998 1205 4054 dictorum
1232 3999 1350 4055 abbatis
1376 4006 1408 4056 et

351 4089 509 4137 convontus
527 4082 574 4136 rol
593 4101 795 4138 suceessorum
815 4102 943 4138 suorum.

386 4340 536 4410 ’ΜΝ
555 4346 800 4411 ’i'rrsgouRepA
873 4360 877 4419 f
928 4346 1015 4412 ἐπα]
1034 4346 1226 4412 omitReg.A.

384 4424 395 4454 ²
414 4422 568 4489 literatum]
583 4426 736 4479 turneham,
749 4426 811 4491 Reg.
820 4427 853 4476 A.
873 4434 877 4484 t
928 4429 939 4456 ⁶
955 4426 1064 4491 Eme]
1083 4427 1178 4482 Evina,
1188 4425 1251 4490 Reg.
1264 4426 1300 4478 A.

385 4503 436 4550 'rt
462 4503 603 4569 murenas]
640 4504 761 4569 Supplied
788 4504 876 4555 from'
928 4504 1064 4570 ‘Mar-m]
1084 4505 1205 4570 supplied
1217 4506 1358 4574 stomkeg
1367 4508 1406 4560 A.

352 4578 462 4643 Iterat.
872 4534 877 4657 Ι
929 4584 1046 4650 ¹Bma]
1066 4585 1282 4652 Saneti,Reg.A.

386 4658 566 4727 ‘Bumionj
586 4661 876 4728 Bumehameeejw
928 4663 1082 4731 ’Μανῆ
1101 4667 1248 4726 menide.
1260 4668 1327 4734 neg.
1340 4669 1376 4721 L

352 4737 463 4804 urat.
871 4720 877 4795 Ι
929 4745 948 4774 ··
962 4744 1284 4812 κωπίω,
1292 4748 1408 4814 ω,
