3218 5640
365 779 429 840 120
654 793 902 842 centecimum
924 790 1133 841 norisium

365 962 403 1015 H.
430 961 528 1017 ebbcti
554 967 584 1016 et
601 963 755 1018 conventui
775 963 965 1020 Gloueeetriae
990 981 1088 1018 eorem
1106 960 1190 1017 nobis
1208 978 1261 1032 per
1279 975 1418 1031 cyrogra-

364 1044 455 1114 phum
480 1046 575 1099 finalis
600 1047 760 1101 concordiae
786 1048 863 1102 inter
890 1066 939 1102 eos
957 1049 1130 1102 confectum.
1168 1045 1207 1099 Et
1236 1043 1302 1098 ideo
1332 1041 1417 1096 vobis

365 1130 537 1184 auctoritate
556 1129 665 1184 domini
683 1133 763 1202 regis
789 1132 969 1196 mandemus,
998 1131 1076 1203 quod
1103 1129 1236 1184 idoneam
1262 1143 1417 1199 personam

365 1213 402 1266 ed
420 1213 589 1283 predictum
607 1215 769 1279 ecclesiam,
790 1215 827 1270 ed
844 1215 1097 1287 prteeeutetionem
1114 1213 1227 1269 ebbetie
1246 1217 1276 1268 et
1292 1226 1417 1267 conven-

363 1303 411 1352 tus
431 1297 631 1364 Gloucostriae‚
652 1299 823 1356 admittetis.

399 1381 437 1436 In
454 1382 540 1453 cujus
558 1383 601 1438 rei
620 1383 829 1440 testimonium.

705 1593 859 1661 DOXIX
883 1595 933 1661 De
954 1595 1071 1661 eodem.

399 1741 570 1798 Reverendo
601 1743 717 1798 domino
743 1751 773 1799 et
797 1743 873 1816 petri
897 1744 929 1799 in
953 1744 1080 1808 Christo,
1099 1743 1252 1799 carissimo
1277 1741 1326 1804 lt„
1359 1740 1416 1796 Dei

364 1827 460 1898 gretie
478 1827 689 1884 Herefordensi
709 1828 854 1900 episcopo,
887 1829 1031 1884 Ricardus
1050 1829 1086 1883 de
1105 1828 1268 1898 Beliofego,
1288 1826 1417 1882 salutem

362 1913 394 1966 in
412 1912 548 1967 Domino.

396 1995 523 2052 Noverit
545 1997 704 2068 potemitae·
730 2003 830 2053 vestre
854 2015 900 2052 me
928 1997 1061 2069 quietum
1086 1997 1228 2053 clamasse
1253 2013 1340 2050 omne
1365 1995 1417 2065 jue

362 2079 440 2150 quod
457 2080 546 2134 hebui
564 2080 612 2134 vel
631 2080 738 2134 hebere
763 2081 845 2152 potui
871 2082 902 2136 in
925 2081 994 2152 jure
1013 2087 1182 2153 patronatus
1200 2081 1237 2135 do
1257 2078 1417 2148 Stokeleoy

362 2164 492 2219 ecclcsiae
511 2164 550 2218 H.
572 2164 670 2220 abbati
690 2170 720 2219 et
737 2166 892 2221 conventui
912 2165 1112 2221 Gloucestriae.

697 2407 831 2475 DOXX
855 2407 1065 2475 scientae.

194 2559 341 2611 A.l).1263
398 2555 499 2611 Sciant
517 2562 675 2626 praesentes
700 2562 730 2610 et
748 2556 850 2620 futuri,
871 2556 949 2627 quod
973 2574 1028 2627 ego
1046 2555 1183 2611 Werinus
1201 2555 1238 2609 de
1258 2555 1417 2610 Grendene

193 2630 285 2678 4²⁸⁴·
361 2640 464 2693 remisi
495 2646 525 2693 et
555 2639 688 2710 quietum
719 2640 853 2704 clemeri,
885 2658 938 2710 pro
968 2658 1015 2693 mc
1052 2646 1082 2694 et
1119 2639 1287 2695 haeredibus
1326 2640 1416 2705 meis,

194 2705 233 2755 0f
240 2705 349 2757 Suthen-
361 2723 477 2777 domino
496 2724 670 2793 nogiomo,
699 2724 797 2778 abbae
826 2725 925 2778 sance
944 2724 1035 2792 ‘Petri
1062 2723 1265 2787 dioecesium,
1286 2728 1318 2776 oc
1335 2723 1418 2793 ejus-

193 2771 257 2823 ΜΘ·
362 2807 429 2861 dem
471 2806 528 2861 loci
570 2809 725 2862 couventui
768 2826 927 2878 corumque
967 2808 1196 2871 successoribus,
1240 2805 1418 2861 dimidiem¹

361 2890 468 2944 librem
491 2890 602 2961 piperis
629 2892 718 2946 annui
743 2891 875 2946 redditus
903 2909 991 2962 quam
1016 2891 1177 2946 Nioholeus
1204 2891 1231 2946 le
1257 2891 1281 2944 F
1283 2891 1420 2945 eukoner

361 2973 492 3044 recipere
522 2973 625 3029 debuit
649 2979 678 3028 et
708 2975 860 3029 consuevit
885 2975 922 3029 de
951 2975 1095 3030 Nicholeo
1119 2975 1156 3029 de
1181 2973 1363 3030 Jurdeetenc
1387 2974 1420 3028 in

362 3056 507 3112 hameleto
526 3057 561 3110 do
582 3057 767 3122 Suthenhele,
787 3075 841 3129 pro
860 3064 939 3113 terre
951 3076 1039 3129 quem
1058 3059 1086 3113 ei
1103 3058 1237 3113 vendidit
1248 3059 1281 3112 in
1299 3057 1419 3124 eedem,

362 3141 483 3196 etmihi
502 3147 532 3197 et
548 3140 714 3197 haeredibus
732 3143 806 3196 meis
826 3142 922 3213 ipsum
940 3141 1089 3197 redditum
1108 3160 1175 3197 cum
1200 3143 1316 3197 ceteris
1348 3160 1418 3212 quoe

361 3241 415 3295 per
433 3224 557 3281 eundem
575 3224 724 3281 redditum
736 3226 764 3279 ei
775 3226 825 3280 vel
836 3225 1002 3280 heredibus
1016 3227 1077 3280 suis
1095 3226 1240 3298 potuisset
1258 3225 1417 3292 eccidisse,

362 3307 444 3363 dedit
461 3316 491 3363 et
510 3309 701 3364 confirmavit.
739 3309 779 3362 Et
805 3327 860 3379 ego
884 3309 1042 3380 preedietue
1060 3310 1198 3365 Weriuue
1224 3309 1349 3364 excludo
1368 3328 1419 3364 mo

362 3397 393 3446 et
417 3392 548 3447 heeredes
573 3393 621 3447 vel
646 3392 811 3463 assignatos
831 3410 910 3448 mooe
938 3394 969 3447 in
993 3400 1166 3465 perpetuum
1185 3394 1222 3447 eb
1240 3394 1321 3448 omni
1345 3395 1419 3465 jure

362 3482 392 3530 et
406 3475 484 3547 juris
497 3476 602 3531 clemio
614 3476 646 3530 in
657 3475 736 3530 dicte
747 3482 827 3530 terre
838 3494 905 3531 cum
916 3478 1109 3548 pertinentiis,
1129 3483 1160 3532 et
1176 3477 1307 3542 redditu,
1322 3479 1419 3533 omni-

360 3559 474 3630 busque
494 3579 559 3631 quue
586 3559 659 3613 mihi
678 3559 727 3612 vel
738 3559 902 3615 haeredibus
923 3560 1064 3615 meis·rel
1082 3561 1241 3632 assignetis
1259 3562 1418 3617 occasione

361 3643 434 3701 dieti
451 3643 585 3699 redditus
605 3641 846 3713 qualitercunque
864 3650 983 3714 possent
1000 3643 1141 3700 cocidere.

395 3726 437 3781 Ut
454 3727 517 3781 lioec
535 3743 602 3781 mec
619 3724 764 3790 remissio,
785 3733 839 3780 ete.

695 3941 857 4008 DCXXI.
880 3944 929 4008 Dc
952 3943 1070 4009 eodem.

192 4106 261 4159 Ao.
275 4113 338 4159 1263
398 4102 515 4158 Scieut²
527 4112 687 4176 praesentes
701 4110 731 4159 ct
742 4105 844 4168 futuri,
860 4105 937 4175 quod
950 4123 1005 4175 ego
1016 4107 1194 4162 Eustochiae
1207 4108 1286 4164 filius
1300 4111 1416 4168 Thurs-

192 4179 282 4302 Offi-
360 4187 414 4241 tini
427 4187 624 4252 Fiendrcnsis‚
639 4188 676 4242 ed
688 4188 858 4258 petitionem
869 4188 995 4258 Agnetis
1006 4190 1109 4244 metris
1122 4209 1205 4254 mete,
1219 4190 1289 4246 dedi
1302 4194 1417 4252 Sancto

191 4332 267 4370 Same·

361 4314 422 4322 ι..-
434 4315 921 4326 ·-—---—-·--—-·-—-----—----.

395 4385 495 4433 'merc’
516 4384 538 4435 io
559 4384 667 4436 inserted
690 4384 718 4434 in
741 4384 783 4435 the
806 4385 861 4436 MS.
904 4384 958 4434 said
980 4393 1006 4434 to
1035 4387 1098 4437 heve
1127 4390 1189 4439 been
1215 4392 1288 4440 mede
1318 4393 1417 4460 during

360 4463 444 4513 before
460 4461 555 4525 librom,
566 4464 612 4513 bet
624 4463 685 4514 with
702 4464 744 4514 the
762 4464 867 4529 signos
903 4467 1047 4533 Regineid'e
1068 4472 1173 4536 abbacy.
1208 4472 1221 4522 1
1241 4473 1308 4525 heve
1329 4477 1418 4527 there-

359 4557 467 4592 ereenre.
904 4546 956 4596 fore
968 4549 1074 4611 adopted
1086 4550 1140 4600 thet
1151 4552 1237 4615 period
1249 4569 1277 4604 ee
1288 4554 1334 4606 the
1345 4571 1417 4607 mer-

392 4621 450 4670 ²1n
474 4617 516 4671 the
539 4621 655 4671 calendar
677 4621 707 4671 of
731 4620 863 4672 donatione
903 4625 972 4690 ginel
984 4628 1047 4678 dete.

360 4700 437 4764 (ante,
448 4700 498 4751 vol.
515 4699 533 4750 i.
554 4716 577 4764 p.
599 4703 658 4765 115)
679 4699 730 4751 this
749 4708 823 4765 trent
840 4700 863 4751 ie
