3218 5640
368 795 430 861 116
655 809 901 860 clarummane
924 809 1133 860 nonasrsan

733 1109 833 1177 DCX.
856 1110 904 1177 De
927 1110 1045 1178 eodem.

404 1296 504 1352 Sciant
521 1300 680 1368 presentes
704 1299 734 1350 et
758 1297 861 1362 futuri,
882 1298 961 1368 quod
988 1315 1044 1369 ego
1061 1297 1224 1354 Nicholaus
1252 1299 1288 1353 de
1308 1297 1417 1354 Sancta

367 1382 492 1452 Brigida
509 1380 576 1435 dedi
601 1385 631 1434 ot
648 1381 788 1445 concessi,
802 1388 832 1436 et
850 1382 984 1453 quietum
1003 1382 1137 1445 clamavi,
1153 1382 1225 1447 Deo,
1240 1387 1270 1438 et
1282 1383 1416 1437 ecelesia

368 1467 466 1521 Sancti
486 1466 567 1521 Petri
586 1464 787 1530 Glouoeetrioe,
808 1473 838 1521 et
864 1466 962 1521 abbati
988 1473 1018 1522 et
1043 1467 1193 1522 monachis
1220 1467 1331 1522 ibidem
1352 1467 1417 1522 Deo

366 1550 571 1613 servientibus,
591 1553 686 1605 totum
707 1549 759 1621 jus
778 1550 856 1620 quod
873 1549 1016 1605 habebam
1034 1551 1066 1604 in
1084 1551 1202 1621 virgata
1219 1557 1307 1606 terrae
1326 1568 1417 1621 quem

366 1634 526 1690 Gaufridus
556 1634 748 1705 Dispensater
778 1635 896 1690 tenebat
925 1635 956 1688 in
987 1634 1134 1698 Stanedis,
1166 1640 1200 1690 ut
1228 1635 1355 1690 habeant
1386 1643 1417 1691 ct

364 1724 480 1774 teneant
497 1737 561 1774 eam
580 1720 611 1773 in
628 1724 812 1790 perpetuum,
832 1718 955 1773 liberam
974 1725 1004 1774 et
1022 1720 1151 1789 quietam
1170 1720 1207 1774 ab
1225 1720 1304 1775 omni
1322 1720 1415 1775 recla-

365 1803 491 1858 matione
510 1803 569 1857 mei
587 1808 617 1858 et
635 1802 785 1857 haredum
804 1819 945 1867 meorum,
967 1806 996 1856 et
1012 1819 1065 1873 per
1083 1809 1196 1858 textum
1215 1821 1303 1874 super
1321 1803 1415 1858 altare

366 1887 466 1943 Sancti
497 1886 579 1943 Petri
606 1887 698 1942 obtuli
724 1887 755 1942 in
779 1888 936 1959 praesentia
970 1886 1068 1942 domni
1095 1887 1214 1942 Thema
1245 1887 1359 1943 abbatis
1385 1893 1416 1942 et

363 1973 453 2026 totius
473 1976 642 2028 conventre.

399 2055 483 2124 Quod
512 2055 582 2126 quia
611 2060 707 2110 rutum
737 2061 768 2110 et
793 2055 997 2110 inconvulsum
1026 2072 1144 2110 munero
1171 2054 1247 2120 vole,
1275 2055 1416 2126 praesenti

364 2141 473 2210 scripto
493 2139 540 2193 et¹
561 2138 654 2209 sigilli
676 2139 735 2192 mei
756 2139 947 2209 impressione
965 2140 1078 2195 munite
1097 2139 1276 2195 confirmari.

400 2224 482 2293 [Hiis
509 2223 643 2285 testibus
663 2222 793 2278 Waltero
821 2222 942 2287 Giffard,
961 2224 1092 2279 Waltero
1123 2224 1219 2287 Bloet,
1246 2222 1416 2278 Alexandro

362 2309 510 2380 pincerna,
524 2306 654 2364 Waltero
667 2306 702 2362 de
723 2305 802 2372 Side,
817 2306 947 2363 Hernico
965 2308 1001 2363 de
1020 2307 1117 2380 Droys
1136 2312 1166 2363 ct
1184 2307 1251 2363 aliis
1270 2305 1416 2376 multisli

726 2595 846 2664 DOXI.
871 2596 1044 2684 Suilrope.

192 2778 262 2830 ΑΙ).
277 2786 340 2831 1268
398 2773 541 2829 Omnibus
561 2772 672 2830 Christi
691 2773 825 2829 fidelibus
851 2774 888 2828 ed
907 2791 980 2844 quos
998 2790 1128 2844 praesens
1148 2774 1289 2846 scriptum
1308 2791 1413 2846 perve-

192 2852 284 2897 4284.
361 2859 448 2923 uerit,
468 2857 660 2928 Reginaldus‚
681 2857 737 2912 Dei
755 2858 853 2930 gratia
878 2858 967 2913 abbas
988 2858 1086 2913 Sancti
1105 2857 1186 2913 Petri
1206 2858 1412 2924 Glaucestru'ae,

193 2928 232 2978 Of
240 2929 314 2980 Suth-
362 2942 486 2998 salutem
506 2943 536 2996 in
554 2940 688 2996 Domino.

192 3009 259 3059 rope.

398 3026 473 3081 Oum
498 3024 657 3096 Margeria,
684 3044 749 3096 quae
774 3025 831 3081 fnit
860 3044 932 3080 uxor
959 3025 1040 3080 Petri
1065 3025 1160 3080 Morel
1188 3025 1223 3080 de
1253 3025 1412 3098 Suthrope,

362 3109 398 3165 de
418 3108 501 3164 nobis
519 3109 663 3165 tenuisset
689 3110 797 3181 viginti
818 3115 941 3180 quatuor
960 3127 1040 3164 aeres
1059 3116 1146 3164 terreo
1172 3127 1240 3164 cum
1266 3111 1327 3164 suis
1346 3127 1414 3181 per-

361 3194 491 3249 tiuentiis
522 3194 553 3248 in
582 3210 684 3265 campo
715 3193 751 3247 de
789 3191 944 3264 Suthrope‚
977 3211 1010 3247 ac
1040 3193 1124 3247 nobis
1155 3193 1285 3248 dedisset
1314 3201 1344 3249 ct
1382 3195 1413 3249 in

359 3283 534 3351 perpetuum
553 3278 685 3350 quietum
704 3278 858 3332 clamasset
883 3276 1029 3332 sexdecim
1047 3295 1129 3332 acras
1157 3283 1243 3331 terrae
1261 3295 1329 3332 cum
1349 3278 1413 3334 suis

360 3362 554 3437 pertinentiis,
587 3368 617 3418 et
653 3362 742 3418 etiam
778 3367 870 3415 totum
901 3361 1064 3425 servitium,
1097 3366 1127 3415 et
1156 3366 1251 3416 totum
1278 3362 1330 3432 jus
1362 3362 1412 3418 et³

359 3447 497 3502 clamiurn
518 3447 595 3518 qnod
612 3445 717 3501 habuit
734 3444 782 3500 vel
808 3445 906 3514 aliquo
932 3444 1017 3499 modo
1041 3443 1119 3515 juris
1137 3444 1245 3499 habere
1263 3447 1362 3517 potuit
1380 3447 1412 3502 in

359 3538 424 3586 octo
451 3531 527 3586 acris
555 3536 641 3586 terroe
669 3546 736 3584 cum
752 3528 946 3599 'pertinentiis
973 3528 1034 3583 suis
1060 3546 1126 3599 qum
1157 3535 1226 3583 sunt
1256 3530 1292 3583 de
1323 3531 1411 3585 leode

357 3622 466 3679 nostro,
487 3621 517 3668 et
544 3632 608 3686 qnae
634 3612 713 3668 diota
729 3611 881 3681 Margeria
906 3611 1031 3666 diversis
1049 3613 1215 3667 tenentibus
1243 3613 1360 3669 dimisit
1377 3622 1413 3670 ut

358 3700 446 3765 ‹licit;
474 3717 536 3762 nos,
556 3698 588 3752 in
611 3696 877 3767 recompensatione
905 3695 977 3750 dicti
994 3695 1137 3772 beneficii,
1158 3697 1294 3752 dedimus
1312 3697 1411 3753 eidem

357 3783 465 3854 viginti
492 3781 600 3838 solidos
625 3780 843 3850 sterlingorum,
863 3779 995 3834 allocatis
1021 3780 1051 3834 in
1076 3779 1188 3834 eisdem
1215 3787 1280 3837 ecto
1305 3782 1411 3839 solidis

358 3874 388 3921 et
406 3885 456 3922 sex
474 3864 601 3920 denariis
619 3864 655 3918 de
674 3862 831 3933 arreragiis
850 3861 938 3917 annui
956 3861 1088 3918 redditus
1106 3864 1216 3929 nostri;
1245 3870 1275 3920 et
1293 3883 1413 3921 conces·

358 3951 450 4006 simus
469 3949 565 4004 eidem
582 3947 738 4017 Margerioe
757 3945 794 4000 ed
811 3951 902 4001 tetam
919 3945 1012 4000 vitam
1030 3964 1113 4002 suem
1131 3952 1245 4002 tanturn
1258 3951 1411 4005 annuatim

358 4035 389 4088 in
421 4034 496 4088 festo
521 4031 621 4087 Sancti
644 4029 808 4094 Michaelis,
834 4029 870 4083 de
901 4029 1025 4101 grangia
1053 4035 1154 4085 nostra
1184 4030 1220 4085 de
1250 4031 1409 4088 Estlecchc

358 4116 588 4190 percipiendum,
602 4133 693 4169 unum
713 4131 868 4171 croneonm
886 4114 1035 4177 frumenti,
1050 4119 1080 4168 et
1097 4132 1188 4169 unum
1207 4117 1411 4185 quarterium⁴

359 4206 389 4256 et
406 4199 562 4255 dimidium
579 4197 691 4253 hordei.
729 4197 813 4252 Etsi
835 4195 1089 4268 contigeritquod
1112 4202 1207 4252 totum
1230 4199 1409 4268 praedictum

392 4458 399 4487 ¹
418 4456 453 4521 el]
474 4455 529 4504 The
548 4469 619 4504 sense
641 4451 671 4502 of
690 4452 733 4503 the
755 4466 860 4516 passage
937 4451 946 4480 ³
956 4450 1001 4515 jus
1013 4449 1049 4515 et]
1068 4449 1178 4500 inserted
1191 4450 1217 4499 in
1229 4450 1272 4502 the
1283 4453 1392 4517 margin.

358 4537 418 4587 does
430 4542 474 4584 not
485 4549 552 4583 seem
564 4541 590 4582 to
601 4531 700 4596 require
712 4530 764 4580 this
774 4532 851 4580 word.

354 4669 359 4678 ι
390 4613 479 4662 'Hir'r
494 4611 593 4661 lentibus
610 4646 616 4660 .
635 4647 641 4660 .
658 4647 664 4659 .
681 4608 774 4674 muris]
794 4608 858 4671 Sup-
937 4608 1038 4659 ‘Aster
1065 4610 1214 4671 pnurterium
1242 4610 1313 4662 there
1342 4612 1366 4662 is
1395 4629 1411 4665 a

358 4695 425 4760 plied
442 4694 506 4743 from
518 4692 623 4756 ΜΒ.
657 4690 714 4739 The
733 4689 858 4753 cartulary
904 4687 981 4752 slight
992 4702 1090 4738 erasure
1103 4687 1128 4736 in
1140 4687 1183 4738 the
1194 4686 1251 4739 MS.

359 4775 403 4824 has
415 4772 507 4838 simply
518 4779 561 4820 ecc.
