3218 5640
517 819 546 870 s
568 819 671 870 ruini
693 819 945 871 aioucmrniiii
1191 806 1256 869 203

520 1093 731 1160 DCCLXIV.
754 1094 805 1160 De
828 1095 949 1160 eodem.

245 1268 346 1324 Sciant
363 1272 522 1339 praescntcs
541 1275 572 1323 ct
589 1270 692 1334 futuri,
706 1269 784 1341 qnod
802 1287 860 1342 ego
872 1270 1017 1325 Ricardus
1031 1272 1068 1325 de
1087 1271 1418 1343 Comptonc,A.D.126³

208 1353 286 1417 dadi,
306 1353 445 1418 concessi,
465 1359 496 1407 et
512 1353 567 1407 hac
591 1355 731 1424 praescnti
749 1362 831 1408 carta
854 1371 920 1407 inea
943 1355 1121 1420 confirmavi,
1142 1356 1258 1410 domino
1268 1346 1360 1391 ⁴²⁸⁴·

209 1430 383 1508 Baginaldo,
402 1434 458 1489 Dei
477 1437 575 1506 gratia
593 1437 691 1490 abbati
704 1436 804 1492 Sancti
816 1437 899 1491 Petri
912 1436 1114 1501 Gloucestiiae,
1134 1447 1164 1492 et
1181 1439 1258 1508 ejus-
1270 1421 1358 1471 OQ

208 1518 276 1574 dem
292 1518 352 1573 loci
369 1520 533 1583 conventui,
554 1519 688 1590 quaedam
716 1526 883 1574 tenementa
910 1539 976 1591 quae
1001 1523 1082 1575 tenui
1107 1522 1137 1574 iii
1156 1540 1258 1594 campo
1269 1503 1345 1537 ω’

209 1603 246 1657 de
262 1601 488 1675 dedeworpe,
508 1601 647 1656 videlicet
664 1609 726 1657 tres
750 1603 887 1658 sellioncs
903 1604 1034 1673 jacentes
1053 1611 1132 1658 retro
1151 1604 1259 1659 Sande·

208 1684 325 1757 lii-agge
343 1686 420 1740 inter
437 1692 547 1739 terrain
574 1685 695 1739 Bicardi
721 1685 750 1739 lc
769 1686 923 1741 Dauncerc
950 1696 981 1742 et
1007 1699 1115 1742 terram
1133 1688 1257 1742 Walteri

209 1769 367 1843 pelliparii,
394 1775 426 1823 ct
454 1769 528 1823 duos
558 1769 695 1823 selliones
719 1771 851 1840 jacentes
882 1771 961 1842 apud
989 1770 1156 1842 Suthgraua
1182 1773 1258 1826 inter

209 1850 320 1909 terrim
337 1852 448 1907 domini
467 1852 625 1922 Reginaldi
643 1862 675 1907 et
692 1859 802 1907 terram
825 1871 931 1918 meam,
952 1864 982 1908 et
999 1873 1102 1909 novem
1121 1856 1258 1909 sciliones

206 1936 339 2010 jacentes
357 1935 435 2008 apud
452 1937 666 2009 Truddoiiorpe
685 1938 762 1991 inter
780 1945 888 1991 terrain
907 1938 1017 1992 domini
1035 1940 1148 1994 abbatis
1168 1938 1257 1994 Glou-

210 2021 327 2077 cestria
352 2029 383 2074 et
406 2027 516 2074 teriam
543 2020 664 2074 Roberti
684 2021 805 2092 Wodye,
825 2028 855 2074 et
880 2028 940 2075 tres
969 2022 1104 2076 selliones
1126 2023 1378 2093 jacentestisra.

210 2104 313 2160 subtus
346 2102 557 2174 Ryndacumbc
588 2104 664 2157 inter
694 2111 803 2158 terrain
833 2105 940 2175 prioris
970 2105 1007 2158 de
1037 2106 1200 2160 Lanthonia
1228 2112 1260 2162 et

208 2195 319 2244 terram
335 2187 467 2241 Matildis
482 2187 674 2259 WymundeS,
688 2194 719 2242 ct
736 2194 878 2258 praeterea
896 2206 983 2241 unam
1000 2207 1097 2242 acram
1112 2192 1259 2259 jacentem

206 2272 291 2342 juxta
320 2270 488 2326 Suthbrolic
521 2271 680 2341 aquilonali
718 2270 922 2325 extendentem
959 2272 989 2324 in
1025 2273 1147 2344 longum
1183 2275 1260 2328 inter

210 2354 320 2409 dictam
336 2353 457 2408 brocam
484 2359 514 2407 ct
535 2362 646 2408 tei-ram
675 2354 818 2408 Johannis
844 2355 992 2425 episcopi;
1022 2356 1155 2409 habenda
1172 2364 1202 2410 ct
1219 2362 1260 2411 ta·

209 2438 305 2493 nenda
322 2438 419 2492 omnia
437 2444 604 2491 tenemento
621 2437 763 2508 praedicta
786 2455 853 2491 cnm
878 2439 941 2492 suis
959 2440 1143 2508 pertinentiis
1162 2440 1261 2494 abbati

211 2521 350 2593 praedicto
369 2528 399 2574 et
416 2522 495 2575 dicto
512 2522 670 2575 conventui
693 2527 724 2575 et
747 2538 849 2575 eorum
874 2523 1093 2576 successoribus
1111 2522 1147 2575 dc
1166 2530 1262 2578 meet

211 2604 377 2659 haeredibus
395 2606 479 2669 mois,
500 2605 602 2669 libere,
623 2605 732 2674 quicto,
752 2611 782 2659 et
800 2606 925 2674 integre.

248 2687 406 2742 Bcddendo
435 2687 503 2742 inde
534 2691 684 2743 annuatim
711 2688 784 2741 milii
808 2695 840 2743 et
856 2689 1024 2744 liaeredibus
1050 2692 1123 2744 meis
1151 2690 1259 2744 unum¹

215 2772 368 2826 denarium
386 2775 502 2843 argenti
521 2773 568 2826 dic
587 2772 687 2827 Sancti
700 2772 855 2827 Michaelis
874 2774 905 2826 in
923 2773 1040 2827 abbatia
1058 2773 1260 2838 monastria,

213 2870 268 2926 pro
284 2855 420 2909 omnibus
448 2856 638 2910 sacularibus
664 2857 793 2910 seriitiis
819 2861 849 2909 et
875 2855 1026 2910 domandis
1053 2857 1089 2911 ad
1116 2875 1169 2911 nos
1195 2858 1264 2910 indo

211 2939 435 3010 pertinentibus.
474 2939 514 2993 Et
540 2957 596 3010 ego
622 2939 766 2994 Ricardus
791 2946 821 2993 et
838 2939 971 2993 haeredes
989 2941 1048 2993 mei
1066 2942 1164 2995 omnia
1181 2947 1261 2995 tene·

212 3028 310 3077 menta
333 3023 476 3092 praedicta
505 3041 573 3076 cum
603 3024 665 3077 suis
695 3023 881 3092 pertinentiis
911 3025 1080 3078 memoratis
1108 3024 1205 3078 abbati
1231 3031 1262 3078 ct

213 3107 369 3161 conventui
400 3117 430 3159 et
459 3124 560 3160 corum
591 3107 811 3161 successoribus
848 3115 950 3160 contra
986 3124 1085 3161 omnes
1121 3108 1260 3162 mortales

210 3189 467 3244 warantizabimus
497 3191 529 3243 iii
555 3200 741 3260 perpetuum,
762 3198 793 3245 et
822 3189 859 3243 de
884 3190 1049 3245 redditibus
1076 3190 1112 3244 ad
1130 3191 1262 3244 dominos

212 3272 366 3328 feodorum
383 3273 451 3327 inde
470 3274 683 3343 pertinentibus
702 3275 927 3344 aquietabimus.

248 3356 284 3411 In
302 3375 428 3429 quorum
454 3359 585 3411 omnium
610 3358 700 3411 robur
726 3366 757 3412 et
782 3359 985 3413 testimonium
1011 3364 1099 3412 cartae
1125 3357 1263 3427 praesenti

212 3440 306 3512 sigilli
324 3442 383 3495 mci
402 3442 524 3512 apposui
543 3442 774 3513 impressionem.

535 3696 727 3763 DCCLXV.
750 3696 801 3762 De
823 3695 941 3762 eodeni

249 3863 350 3919 Sciant
366 3872 528 3934 praesentes
547 3871 577 3918 et
595 3865 698 3929 futuri,
720 3865 797 3935 quod
815 3882 872 3936 ego
888 3867 1032 3921 Ricardns
1051 3865 1086 3919 de
1105 3865 1263 3935 Comptona
1275 3871 1344 3922 AD.
1358 3876 1426 3924 1268

213 3950 354 4011 concessi,
374 3948 452 4011 dedi,
472 3949 612 4011 relaxavi,
636 3957 666 4003 ct
692 3950 825 4018 quietum
851 3951 985 4013 clamavi,
1014 3949 1185 4018 Reginald0‚
1208 3948 1264 4002 Dei
1275 3944 1368 3989 4284.

213 4034 312 4103 gratia
337 4033 436 4087 abbati
461 4032 664 4097 Glouccstriae,
691 4039 722 4087 et
748 4034 882 4103 ejusdem
908 4035 964 4088 loci
991 4033 1155 4095 conventui,
1176 4050 1263 4086 unam
1276 4016 1365 4068 (ΜΦ

213 4117 337 4171 crottam
367 4134 433 4187 quae
459 4117 540 4186 jacet
569 4117 600 4169 in
627 4116 750 4186 longum
778 4116 813 4170 de
841 4117 1005 4171 Suthbroke
1029 4116 1114 4184 juxta
1140 4117 1263 4170 crottam
1275 4098 1351 4134 ω’

212 4199 286 4255 dicti
304 4201 419 4255 abbatis
437 4218 503 4270 quae
521 4208 645 4255 vocatur
673 4201 853 4266 Lillescroft,
876 4219 944 4256 cuin
970 4205 1030 4253 toto
1055 4201 1164 4254 fossato
1183 4201 1264 4254 illam

213 4284 443 4355 circumquaque
461 4285 617 4356 cingentc3
646 4291 676 4340 et
701 4293 846 4357 praeterea
870 4285 952 4338 illam
976 4285 1098 4338 crottam
1120 4301 1187 4338 cuni
1205 4290 1264 4340 toto

214 4366 324 4423 fossato
342 4367 424 4422 illam
443 4367 599 4439 cingente
618 4387 685 4439 quae
701 4369 783 4439 jacet
796 4369 882 4439 juxta
899 4374 1008 4421 terram
1026 4367 1173 4437 quondam
1190 4368 1262 4424 Wil-

249 4586 257 4615 ¹
275 4585 363 4651 m]
389 4586 526 4651 originally
545 4586 645 4636 written
674 4605 715 4645 rs,
768 4587 848 4635 sertad
858 4587 885 4635 in
896 4586 940 4636 tha
955 4588 1054 4654 margin
1072 4589 1100 4639 in
1116 4606 1132 4641 a
1148 4589 1265 4640 different

213 4666 261 4717 ht
271 4666 449 4729 subsequently
462 4666 564 4715 altmd.
767 4665 819 4713 and
828 4665 891 4716 later
901 4665 977 4716 haud.

248 4746 430 4810 ’aptam
442 4780 527 4796 .....
539 4742 659 4809 ὡραία]
678 4742 718 4792 in·
