3218 5640
520 832 546 882 s.
569 832 671 883 nnnn
694 832 947 883 otoocnnnm
1195 819 1258 888 275

206 1008 361 1072 cessimus,
399 1018 429 1062 et
464 1006 520 1062 hac
555 1023 700 1079 praesente
739 1018 819 1064 carta
855 1007 974 1064 nostra¹
1012 1008 1258 1074 confirmavimus,

207 1092 343 1147 Gallrido
362 1091 423 1147 filio
441 1090 579 1163 Hugonie
605 1093 642 1146 de
666 1094 817 1158 Prestone,
838 1112 892 1164 pro
916 1095 1054 1165 homagio
1082 1104 1112 1149 et
1138 1097 1260 1150 neuntio

206 1195 271 1239 sno,
291 1195 379 1230 unam
397 1178 545 1246 virgatam
571 1186 659 1231 terrm
677 1195 744 1231 enm
771 1179 957 1249 pertinentiis
985 1179 1048 1232 suis
1076 1181 1106 1233 in
1125 1179 1196 1234 villa
1222 1180 1259 1234 do

207 1261 359 1325 Prestone,
379 1261 461 1315 illam
480 1261 595 1315 scilieet
619 1280 707 1332 qnam
726 1262 817 1333 Hngo
836 1274 919 1334 pater
937 1263 1002 1333 ejus
1021 1264 1135 1328 tennit;
1160 1276 1259 1319 tenen·

206 1345 275 1399 dam
292 1358 324 1400 et
341 1345 514 1409 habendam,
534 1345 571 1399 de
597 1346 692 1408 nobie,
713 1346 769 1400 sibi
794 1362 825 1400 et
842 1346 1008 1401 haeredibus
1027 1347 1098 1411 suia,
1118 1348 1210 1402 libere
1228 1358 1259 1403 et

206 1430 316 1500 quiete,
336 1448 390 1501 pro
411 1428 634 1500 quatuordeeim
660 1430 764 1484 solidis
790 1438 820 1484 et
837 1430 952 1484 dnobus
978 1429 1108 1486 denariis
1125 1439 1156 1486 et
1173 1432 1258 1487 obolo

205 1514 244 1568 ad
272 1514 347 1568 dnos
377 1515 445 1568 anni
479 1513 621 1568 terminos
651 1515 874 1584 persolvendi33
911 1514 1052 1569 videlicet
1080 1516 1117 1569 ad
1146 1516 1255 1571 festum

206 1598 308 1653 Sancti
327 1598 483 1653 Michaelis
501 1608 615 1670 septem
634 1598 737 1653 solidis
756 1608 787 1653 et
803 1599 899 1654 tribus
918 1599 1020 1663 obolis,
1039 1606 1070 1654 et
1087 1600 1257 1655 adAnnnn·

205 1683 361 1737 eiatiomm
379 1682 480 1737 Beotae
497 1683 601 1737 Mariae
629 1694 742 1753 septem
760 1683 863 1737 solidis
880 1691 911 1740 et
928 1701 987 1738 uno
1003 1683 1139 1750 denario;
1165 1686 1256 1740 salvis

203 1767 289 1820 nobis
314 1766 351 1820 ab
377 1767 442 1838 ipso
469 1774 500 1821 et
524 1766 692 1821 haeredibns
717 1767 790 1831 suia,
817 1785 883 1822 cnm
915 1769 946 1822 in
976 1768 1036 1823 fato
1065 1767 1254 1832 dooesserint,
1281 1756 1288 1769 ⁸

205 1851 318 1904 berieto
344 1862 374 1904 et
401 1850 566 1905 rationabili
592 1851 703 1905 relevio
731 1851 914 1921 singulorum
943 1852 1001 1906 eibi
1025 1853 1253 1917 succedentium,

204 1944 235 1989 et
252 1934 345 2004 garda
362 1934 449 1988 dictae
468 1944 564 1988 terrae.
602 1933 685 1987 Idem
703 1953 772 1988 vero
786 1937 986 2005 juramentum
1004 1936 1088 1990 nobis
1106 1938 1252 2006 praestitit,

203 2030 259 2073 etc.
307 2018 347 2072 Et
376 2027 435 2073 tam
469 2019 532 2088 ipse
563 2036 651 2088 qnam
682 2019 813 2073 haeredes
844 2022 891 2074 sni
920 2022 1033 2075 curiam
1062 2028 1190 2076 nostram
1217 2022 1254 2076 de

172 2107 176 2112 '
203 2103 345 2159 Prestone
363 2114 393 2158 et
412 2103 448 2157 de
467 2102 652 2158 Gloncestria
671 2114 839 2174 sequentur.

240 2188 274 2242 ln
292 2189 377 2258 eujus
396 2189 450 2252 rei,
470 2202 525 2242 ete.

508 2459 752 2527 DCCCLXVI.
775 2461 824 2526 De
843 2467 953 2547 prato.

240 2620 359 2676 Seinnt²
386 2629 543 2692 praesentes
571 2630 601 2676 et
627 2622 729 2685 futuri,
759 2623 837 2692 quod
866 2640 924 2693 ego
949 2622 1098 2678 Johnnnes
1128 2623 1253 2679 elericos
1267 2641 1376 2694 (κω.

202 2706 239 2762 de
257 2707 446 2778 Aldesworbe
464 2707 542 2770 dedi,
562 2708 702 2768 concessi,
723 2717 752 2761 et
773 2708 828 2761 hae
845 2718 988 2778 praesente
1007 2717 1086 2763 carta
1104 2725 1170 2763 meo
1186 2727 1252 2763 con·
1265 2709 1330 2774 lest

202 2792 327 2855 firmati,
366 2790 437 2854 Deo,
469 2806 499 2845 et
537 2789 643 2846 Sancto
678 2791 768 2845 Petro
798 2791 1000 2855 Gloneestriae,
1036 2800 1066 2847 et
1103 2794 1253 2848 monachis

202 2875 311 2930 ibidem
330 2874 393 2928 Deo
420 2875 625 2939 servientibus,
645 2894 699 2946 pro
726 2876 821 2930 salute
848 2877 953 2931 animm
976 2885 1098 2931 memet
1124 2878 1253 2932 omnium

202 2974 420 3015 antecessorum
444 2976 586 3024 meorum,
613 2961 641 3013 in
669 2979 774 3030 puram
801 2971 832 3016 et
858 2969 1030 3033 perpetuam
1054 2961 1252 3027 elemosinam,

201 3053 295 3101 mum
314 3050 432 3115 prabum
450 3062 548 3098 meum
574 3044 653 3114 qnod
670 3050 792 3099 vocatur
810 3046 946 3117 Lntlega‚
966 3056 996 3102 et
1020 3054 1136 3118 pratum
1155 3065 1252 3101 meum

202 3129 281 3200 quod
303 3129 384 3200 jacet
409 3129 486 3182 inter
509 3140 625 3200 pratum
643 3129 750 3183 Aliciae
776 3130 805 3183 la
823 3130 925 3185 Bonde
952 3149 1056 3185 versus
1081 3131 1252 3186 orientalem

201 3226 317 3286 partem
344 3223 374 3269 et
401 3223 518 3285 pratum
546 3213 668 3268 Bobeni
694 3214 849 3285 piscatoris
876 3214 932 3269 nub
958 3221 1057 3269 monte
1082 3215 1119 3270 de
1146 3215 1252 3286 Dnnye

200 3317 306 3355 versus
333 3298 543 3354 occidentalem
570 3305 702 3369 partem
728 3298 853 3354 tenenda
879 3306 910 3354 et
935 3297 1069 3353 habenda
1093 3299 1131 3354 de
1157 3317 1204 3353 me
1222 3308 1253 3354 et

200 3383 369 3441 haeredibus
398 3383 472 3437 meis
512 3383 543 3448 ip
572 3392 758 3453 perpetuum,
789 3383 882 3436 libere
912 3388 944 3436 et
973 3383 1073 3453 quiete
1102 3383 1139 3437 ab
1173 3384 1252 3437 omni

202 3471 326 3525 servitio
344 3477 373 3523 et
391 3467 526 3524 saeculari
544 3465 697 3522 demanda.
735 3467 801 3538 Ego
818 3483 888 3521 vero
907 3466 1055 3522 Johannes
1073 3474 1104 3522 et
1120 3468 1252 3522 hmredes

201 3556 260 3612 mei
278 3554 418 3627 praedicta
436 3560 520 3624 prata
545 3565 646 3608 eontra
672 3570 772 3607 omnes
790 3551 923 3605 homines
942 3559 972 3606 et
990 3551 1252 3621 foeminasnaran·

201 3641 367 3704 tizabimus,
387 3638 471 3694 etde
497 3638 577 3692 omni
596 3638 718 3692 servitio
742 3634 967 3707 aquietabimus.
1006 3635 1039 3690 Si
1064 3653 1134 3690 vero
1151 3636 1252 3706 aliquo

201 3743 272 3781 casn
284 3734 451 3794 emergente
463 3722 622 3792 contigerit
641 3721 718 3792 quod
736 3739 793 3791 ego
812 3719 960 3775 Joharmes
977 3719 1025 3775 vel
1043 3719 1174 3774 haeredes
1193 3719 1251 3772 mei

201 3808 343 3882 praedicta
360 3813 444 3878 prata
470 3805 619 3877 praedietis
647 3805 743 3858 abbati
763 3814 794 3859 et
817 3804 967 3859 monachis
986 3805 1175 3859 warantizare
1193 3821 1250 3857 non

201 3910 368 3966 possumne,
388 3908 444 3961 ego
466 3889 515 3943 vel
541 3889 672 3944 haeredes
698 3890 757 3943 mei
783 3889 957 3944 rationabile
976 3889 1115 3943 iaciemus
1142 3905 1252 3942 escam·

202 3979 284 4032 bium
303 3975 340 4029 de
359 3974 418 4029 alio
435 3982 519 4046 prato
537 3992 603 4028 meo
621 3975 664 4027 eis
682 3973 794 4028 utiliori
813 3981 843 4027 et
861 3972 1072 4044 propinquiori.

237 4060 322 4130 Quod
339 4060 409 4130 qnia
420 4072 517 4112 ratum
535 4075 600 4111 esse
618 4059 685 4111 volo
703 4060 734 4111 in
752 4066 935 4128 perpetuum,
950 4074 1078 4126 praesens
1098 4056 1250 4127 seriptum,

202 4145 296 4218 sigilli
321 4145 379 4198 mei
406 4142 596 4213 impressione
622 4143 777 4204 munitum,
797 4142 840 4195 eis
867 4141 987 4205 tradidi,
1006 4154 1036 4195 et
1061 4140 1135 4194 illud
1162 4160 1252 4212 super

200 4231 294 4288 altare
313 4228 413 4284 Sancti
432 4227 514 4282 Petri
533 4227 668 4281 manibus
687 4228 760 4281 meis
779 4226 882 4280 obtuli.
919 4226 988 4281 Hiis
1008 4225 1142 4280 testibus.

236 4523 244 4551 ¹
262 4520 359 4586 metro]
379 4519 454 4568 After
470 4517 520 4567 this
544 4519 614 4567 word
634 4519 703 4567 there
786 4520 1254 4582 'Arepetitionofb'oAECCCLXVll

199 4603 223 4652 io
233 4617 249 4652 a
259 4601 338 4665 slight
348 4616 448 4651 erasme
459 4600 484 4648 in
496 4598 539 4648 the
552 4598 607 4647 MS.
754 4600 833 4651 (onte.
844 4616 867 4662 p.
880 4602 933 4660 29).
