3218 5640
424 796 573 846 serrat
597 797 851 847 osoccusrniu
1098 789 1164 856 273

112 978 227 1026 nostros
246 972 313 1027 inde
332 972 552 1044 pertinentium.
590 973 649 1029 Pro
666 974 720 1029 hae
746 981 845 1029 autem
863 976 1059 1039 concessione,
1079 976 1166 1032 dona·

112 1057 202 1122 tione,
222 1058 449 1121 confirmatione,
470 1068 500 1113 et
520 1060 620 1129 quieta
637 1059 802 1122 clamantia,
822 1060 968 1115 dederunt
990 1063 1073 1117 nobis
1092 1081 1165 1134 prae-

112 1139 184 1196 dieti
208 1141 298 1196 abbas
325 1150 356 1197 et
373 1150 533 1197 conventus
559 1144 658 1197 decem
685 1155 798 1199 marcas
825 1146 950 1215 argenti,
976 1164 1030 1216 pro
1057 1148 1164 1218 quibus

112 1243 165 1279 nos
178 1234 209 1280 et
227 1227 357 1281 haeredes
376 1228 468 1281 nostri
488 1234 578 1282 totam
597 1229 749 1299 prefatam
767 1236 886 1290 terrem,
900 1246 967 1283 cum
980 1232 1164 1301 pertinentiis

113 1310 186 1373 auis,
218 1311 366 1381 praedictis
393 1311 490 1365 abbati
518 1319 549 1367 et
578 1314 733 1366 conventui
757 1314 947 1367 warantizare
970 1320 1104 1370 tenemur
1134 1318 1163 1370 in

112 1403 297 1466 perpetuum,
334 1396 372 1450 Et
391 1405 424 1450 ut
448 1398 544 1451 omnia
571 1396 721 1467 praedicta,
742 1398 804 1452 sine
831 1398 1038 1452 reclamat-ione
1064 1410 1164 1455 nostra

113 1481 160 1534 vel
179 1481 328 1536 haeredurn
346 1491 521 1545 nostrorum,
535 1492 684 1553 perpetuae
697 1483 883 1537 firmitudinis
902 1484 991 1537 robur
1003 1485 1160 1548 obtineant,

112 1574 287 1636 praesentem
314 1580 423 1620 cartam
449 1567 615 1636 sigillorum
642 1578 808 1623 nostrornm
835 1568 997 1622 munimine
1024 1569 1161 1625 duximus

113 1649 368 1714 corroborandam,
388 1657 443 1704 etc.

456 1884 685 1953 DCCCLXII.
712 1886 819 1952 Ovete.

147 2049 220 2104 Haec
238 2056 284 2103 cst
308 2048 402 2102 finalis
421 2047 583 2110 concordia,
604 2048 680 2102 sacta
704 2048 733 2100 in
757 2047 840 2101 curia
858 2048 968 2102 domini
984 2048 1065 2117 regis
1083 2045 1161 2116 apud
1172 2051 1242 2103 AD.
1256 2059 1329 2105 125³.

111 2133 413 2193 westmonasterium,
441 2151 458 2185 a
484 2131 532 2185 die
551 2131 651 2186 Sancti
679 2130 808 2200 Hylias-ii
834 2132 864 2186 in
892 2131 1058 2202 quindecim
1086 2131 1159 2194 dies,
1173 2130 1213 2180 ot
1219 2132 1261 2182 the

111 2235 186 2272 asino
204 2218 288 2287 regui
307 2217 388 2287 regis
402 2216 524 2270 Henrici
543 2216 596 2269 filii
608 2216 690 2284 regis
703 2214 723 2268 J
724 2215 845 2269 ohannis
864 2216 1012 2270 tricesimo
1025 2216 1159 2286 septimo,
1172 2212 1263 2260 ⁸¹³²·-

111 2320 211 2357 ooram
240 2302 356 2372 Bogero
381 2301 417 2354 de
443 2300 589 2370 ankeby,
614 2300 709 2353 Alano
739 2300 775 2353 de
802 2298 954 2361 Wassand,
977 2299 1099 2370 AEgidio
1124 2298 1161 2352 de

113 2387 282 2449 Erdintone,
312 2398 342 2439 et
365 2385 514 2438 Willelmo
533 2384 663 2448 Trussel,
687 2385 872 2453 justiciariis,
897 2393 928 2438 et
953 2384 1020 2438 aliis
1050 2383 1160 2438 domini

110 2472 192 2542 regis
210 2471 345 2524 fidelibus
363 2475 432 2524 tunc
451 2469 492 2523 ibi
512 2468 715 2540 presentibus,
734 2469 810 2523 inter
829 2469 1007 2522 Johannem¹
1026 2468 1160 2522 abbatem

110 2556 148 2612 de
179 2554 360 2610 Gloecestria
390 2559 570 2624 querentem,
600 2560 631 2607 et
657 2552 820 2607 Johannem
850 2551 886 2605 de
916 2552 1104 2606 Kerwarthin
1130 2561 1161 2606 et

110 2640 284 2696 Biandinam
303 2654 422 2692 uxorem
435 2638 499 2707 ejus
515 2637 718 2699 deforciantes,
732 2636 769 2690 dc
781 2654 839 2689 uno
857 2636 1019 2706 mesuagio,
1034 2642 1160 2706 quatuor

108 2714 185 2779 ‘acris
216 2732 302 2777 terrae
333 2729 363 2776 et
393 2721 523 2784 dimidia,
555 2738 622 2775 cum
652 2721 847 2792 pertinentiis,
874 2720 905 2774 in
932 2718 1048 2783 Overe3
1082 2719 1160 2774 unde

107 2808 248 2880 placitum
274 2805 472 2860 conventionis
501 2806 709 2859 summonitum
741 2805 798 2859 suit
824 2806 901 2859 inter
927 2821 976 2858 eos
1002 2805 1032 2858 in
1056 2805 1159 2859 eadem

107 2893 207 2955 curia;
231 2891 345 2945 seilicet
364 2889 442 2961 quod
459 2889 592 2961 praedicti
607 2889 626 2942 J
628 2890 754 2943 ohannes
768 2896 798 2943 et
809 2888 955 2943 Blandina
972 2889 1157 2954 remiserunt,

107 2986 139 3031 et
157 2976 289 3047 quietum
308 2975 516 3038 clamaverimt,
536 2974 573 3028 de
601 2991 632 3027 se
651 2981 682 3029 et
698 2973 864 3029 haeredibus
884 2974 978 3046 ipsius
996 2974 1158 3038 Blandinte,

108 3060 250 3132 pmdicto
274 3060 371 3114 abbati
391 3068 422 3114 et
449 3059 665 3113 successoribus
694 3060 765 3121 suis,
794 3065 826 3112 et
854 3058 987 3113 coclesiae
1014 3059 1050 3113 de
1069 3058 1158 3113 Glon·
1210 3082 1213 3087 ¹

107 3147 224 3207 oestria,
250 3152 344 3200 totum
366 3145 417 3213 jus
443 3151 473 3199 et
499 3143 637 3198 claminm
663 3143 741 3214 quod
766 3142 931 3196 habuerunt
955 3144 985 3196 in
1011 3142 1159 3214 praedictis

107 3229 260 3299 mesuagio
278 3239 308 3283 et
333 3240 420 3292 terra,
441 3246 508 3281 cum
535 3227 729 3297 pertinentiis,
749 3227 780 3279 in
804 3233 990 3296 perpetuum.
1037 3227 1077 3280 Et
1106 3245 1159 3296 pro

108 3315 163 3368 hae
193 3314 375 3376 remissione,
403 3313 501 3382 quieta
531 3311 696 3372 clamantia,
727 3310 793 3371 fine,
825 3316 856 3364 et
884 3309 1047 3373 concordia,
1079 3310 1158 3364 idem

107 3398 197 3453 abbas
224 3398 306 3453 dedit-
329 3397 477 3469 praedictis
502 3396 628 3450 Johanni
655 3402 686 3449 et
709 3394 863 3449 Blandinae
888 3395 1019 3466 quinque
1045 3411 1158 3449 marces

106 3483 233 3554 argenti.

450 3700 700 3768 DCCCLXIIL
729 3702 835 3769 overe.

141 3860 285 3916 Omnibus
315 3860 427 3915 Christi
464 3860 599 3915 fidelibus
636 3877 764 3931 praesens
800 3860 942 3932 scriptum
972 3861 1080 3919 visuris
1110 3866 1238 3920 relA.D.
1252 3872 1316 3918 1252

106 3944 262 4009 audituris,
296 3943 463 4008 Johaunes,1
485 3944 540 3998 Dei
569 3945 665 4013 grat-ia
693 3944 782 3998 abbas
813 3950 844 3998 et
873 3954 1032 4001 convent-ns
1058 3947 1157 4005 Sancti
1169 3939 1261 3983 4²⁶³·

106 4029 189 4084 Petri
209 4028 411 4090 Glouoestriae‚
432 4029 557 4082 salutem
576 4030 606 4081 in
626 4028 759 4082 Domino.
1170 4012 1258 4064 (ΜΘ

141 4112 267 4167 Noverit
286 4113 462 4167 universitas
480 4120 580 4167 vestra
599 4112 676 4182 qnod
694 4130 755 4175 nos,
776 4130 850 4165 anno
863 4112 982 4167 Domini
1000 4116 1157 4171 millesimo
1169 4095 1244 4130 ’m'

106 4197 307 4251 ducentesimo
328 4197 571 4267 quinquagesimo
588 4204 699 4260 octavo,
719 4196 916 4250 concessimus
935 4204 966 4251 et
982 4199 1157 4256 tradidimus
1169 4160 1187 4211 ί
1198 4165 1247 4210 m
1258 4159 1282 4211 ἃ

106 4280 240 4336 Roberto
265 4281 294 4334 le
321 4281 401 4334 Wise
427 4280 568 4351 burgensi
595 4280 793 4342 Gloecestriae,
822 4286 913 4334 totam
938 4282 1018 4336 illam
1048 4291 1156 4339 terram

107 4382 196 4436 quam
215 4365 381 4419 Alexander
400 4365 481 4419 saber
508 4365 666 4435 aliquando
689 4364 725 4418 de
748 4365 832 4418 nobis
858 4366 954 4420 tenuit
980 4368 1011 4420 in
1028 4368 1158 4424 rilinde

107 4448 212 4513 Onere,
240 4467 306 4503 eum
334 4450 452 4521 capitali
479 4451 641 4521 mesuagio,
668 4449 782 4503 scilieet
811 4458 936 4520 quatuor
963 4468 1045 4505 acras
1071 4461 1157 4508 terrae

106 4551 174 4588 cnm
202 4542 286 4606 prato
310 4534 470 4605 adjacente,
496 4542 527 4590 et
555 4553 622 4589 cum
653 4533 826 4588 omnimodis
857 4534 924 4588 aliis
953 4537 1157 4606 pertinentiis²

142 4758 148 4785 ¹
167 4755 237 4805 John
249 4756 280 4804 de
291 4755 377 4805 retus
632 4756 637 4822 Ι
691 4755 702 4784 ²
714 4754 883 4820 peritnentiis]
901 4757 1017 4821 repeated
1028 4757 1055 4807 in
1066 4757 1123 4809 MS.

199 4852 273 4900 ΥΟΕ
298 4852 334 4899 11.
1006 4855 1025 4901 S
