3218 5640
531 784 557 831 s.
580 784 680 831 esrai
701 783 951 832 closensrsis.
1217 770 1253 829 41

212 949 376 1025 Broeyrope
401 971 470 1007 cum
493 955 628 1009 omnibus
649 955 833 1026 pertinentiis
860 955 932 1018 suia,
951 953 1042 1009 salvis
1063 953 1180 1006 vicariis
1208 954 1258 1022 qui

210 1035 243 1089 in
258 1034 348 1090 dictis
358 1037 491 1092 eeclesiis
502 1038 709 1093 ministrabunt
719 1038 901 1110 portionibus
917 1035 1137 1093 rationabilibus
1149 1034 1259 1090 eisdem

211 1136 264 1188 per
281 1138 335 1174 nos
352 1121 400 1175 rel
417 1139 601 1178 mocessores
618 1129 733 1178 nostros
752 1121 947 1194 assignandis.

246 1202 452 1259 concessimus
472 1205 583 1260 eisdem
601 1206 741 1261 fratribus
768 1214 798 1262 et
824 1224 924 1261 eorum
951 1204 1168 1260 successoribus
1196 1222 1260 1274 pei·-

209 1288 374 1358 ceptionem
390 1288 570 1345 decimamm
587 1292 716 1345 omnium
737 1297 881 1346 terrarum
906 1308 1024 1344 suarum
1043 1307 1116 1360 quas
1134 1289 1260 1359 propriis

211 1371 360 1427 laboribus
378 1375 440 1428 auis
453 1374 500 1427 vel
518 1375 683 1446 sumptibus
702 1374 890 1438 excoluerint,
911 1373 1048 1429 videlicet
1063 1373 1259 1427 maneriorum

211 1474 331 1510 suorum
349 1457 591 1528 subscriptorum,
610 1458 647 1513 de
668 1459 824 1523 Berthona,
845 1459 882 1512 de
902 1456 1089 1519 Bernewode,
1109 1456 1146 1510 dc
1163 1457 1259 1511 Tulle-

208 1539 286 1610 leye‚
310 1539 346 1594 de
365 1540 394 1594 la
411 1541 528 1612 Bugge,
547 1541 584 1596 de
602 1542 752 1614 Farcleye,
772 1542 809 1596 de
827 1542 1002 1615 Broeprope,
1021 1541 1058 1595 dc
1077 1536 1359 1603 froumund-12⁶.

211 1622 249 1677 de
266 1624 422 1689 Boxwelle,
441 1624 478 1678 de
495 1625 642 1689 Estleehe,
667 1626 704 1681 de
729 1626 824 1681 Calua
841 1625 960 1696 Rogeri,
981 1625 1017 1679 de
1043 1625 1137 1680 Culus
1162 1624 1260 1678 Sancti

211 1707 350 1777 ,l5lwini,
377 1708 414 1762 de
438 1710 596 1780 Ameueye,
624 1710 661 1764 de
682 1709 893 1774 Aldeswortbe,
920 1710 956 1764 de
982 1708 1196 1773 Dantesburne,
1224 1707 1260 1762 de

213 1790 446 1864 Cuthbritbleye,
471 1793 508 1847 de
530 1794 686 1858 Boelsnde‚
711 1794 747 1848 de
773 1794 958 1864 Hynetbone,
990 1793 1025 1847 dc
1056 1791 1203 1855 Clillorde,
1224 1791 1260 1845 de

212 1873 405 1945 llaycsmore,
425 1877 463 1930 dc
481 1877 666 1949 Hardcpirie,
687 1896 752 1947 (ium
771 1878 801 1931 in
819 1886 919 1932 nostra
936 1876 1064 1948 dyoecesi
1082 1876 1213 1930 obtinent
1231 1876 1260 1929 in

212 1961 359 2030 presenti.
396 1961 436 2015 Et
460 1961 548 2015 etiam
576 1963 791 2033 perceptionem
821 1962 951 2015 omnium
975 1961 1118 2029 majorum
1137 1959 1261 2014 decima·

212 2062 280 2098 rum
296 2044 334 2098 de
351 2045 517 2100 hominibus
535 2047 597 2101 auis
615 2046 651 2101 de
670 2046 803 2100 omnibus
821 2045 960 2099 maneriis
979 2045 1040 2099 suis
1059 2044 1217 2115 predictis.

248 2129 452 2185 Coneesaimus
482 2130 570 2184 etiam
600 2129 712 2185 eisdem
743 2130 889 2200 religiosis
913 2129 986 2184 duas
1016 2147 1128 2183 marcas
1159 2147 1260 2184 anuuae

212 2212 359 2284 pensionis
384 2214 415 2268 in
438 2214 563 2269 ecclesia
579 2215 616 2269 de
640 2214 839 2282 Queninton03
870 2221 901 2269 et
923 2214 996 2268 duas
1021 2231 1134 2268 marcas
1159 2231 1261 2267 aimuae

210 2296 359 2367 pensionis
377 2297 409 2351 in
425 2298 538 2369 capella
554 2297 590 2352 dc
606 2297 828 2362 Nimdesleld05
853 2306 883 2352 et
900 2297 1006 2368 viginti
1024 2296 1132 2352 solidos
1151 2315 1261 2352 annuos

212 2383 244 2435 in
269 2381 394 2436 ecclesia
411 2381 512 2437 Sancti
530 2382 672 2438 lobannis
690 2384 721 2437 in
748 2382 947 2445 Gloueestria;
973 2390 1004 2436 et
1027 2380 1127 2436 decem
1154 2381 1261 2436 solidos

213 2483 324 2520 mannos
335 2466 366 2521 in
377 2466 490 2537 capella
507 2466 544 2520 de
560 2466 743 2522 mttesdoue
754 2489 761 2532 ;
773 2465 780 2497 ¹
800 2472 831 2521 et
847 2484 951 2521 novem
975 2464 1083 2520 solidos
1102 2483 1211 2520 annuos
1231 2467 1261 2520 in

212 2550 325 2620 <apella
340 2549 378 2604 da
395 2550 509 2622 Eykote
526 2569 580 2621 pro
597 2550 718 2606 decimis
736 2551 846 2605 domini
866 2550 902 2603 de
920 2549 1069 2621 Eyeothe;
1089 2560 1120 2605 et
1136 2550 1261 2618 majores

212 2631 340 2688 decimas
352 2635 442 2689 totius
454 2634 576 2688 dominii
589 2634 702 2689 Sibillae
714 2633 750 2688 de
768 2634 898 2688 Evereus
910 2635 941 2687 in
953 2633 1106 2698 Estleche;
1125 2640 1157 2688 et
1172 2634 1261 2688 etiam

212 2715 341 2773 decimas
358 2717 395 2772 de
413 2718 548 2774 omnibus
565 2718 717 2774 dominicis
738 2719 825 2774 terris
843 2717 952 2773 domini
973 2717 1009 2772 dc
1032 2717 1205 2790 Schiptone;
1232 2726 1261 2772 et

213 2802 303 2856 etiam
320 2801 448 2857 decimas
476 2803 565 2858 tetius
589 2809 676 2858 terra
696 2803 849 2857 dominicae
877 2802 997 2857 Roberti
1016 2802 1052 2857 de
1071 2802 1258 2857 Lettrintone.

213 2885 362 2941 Praeterea
378 2904 478 2943 omnes
496 2886 643 2951 ecclesias,
668 2894 773 2950 terras,
793 2886 930 2950 decimas,
950 2893 981 2941 ct
998 2886 1096 2940 omnia
1111 2885 1187 2940 bona
1203 2886 1262 2940 alia

213 2987 280 3041 qnae
302 2988 322 3024 a
343 2971 496 3026 retroactis
513 2971 694 3042 temporibus
713 2972 743 3025 in
761 2970 879 3025 dioecesi
902 2976 1003 3025 nostra
1019 2968 1117 3040 adepti
1135 2976 1212 3032 sunl,
1231 2977 1262 3025 et

212 3072 307 3125 usque
332 3053 370 3110 ad
394 3056 457 3110 haec
481 3062 613 3127 tempora
641 3056 760 3127 pacifice
789 3053 990 3126 possederim,
1018 3054 1062 3108 eis
1089 3056 1261 3110 auctoritate

212 3147 315 3194 nostra
341 3140 545 3195 confirmamus
575 3141 606 3195 in
635 3147 809 3212 perpetuum
838 3138 1021 3210 possidenda,
1050 3149 1080 3194 ct
1108 3141 1261 3211 presentis

213 3223 316 3296 scripti
341 3224 419 3280 serie
445 3224 538 3296 sigilli
555 3226 649 3280 matri
666 3224 845 3296 appositione
864 3222 1045 3279 declaramus
1072 3224 1259 3289 confirmata,

214 3314 374 3364 statuentes
400 3314 432 3362 et
452 3307 615 3365 disbictias
642 3309 805 3364 inhibentes
829 3314 862 3362 ut
885 3307 984 3362 nullus
1011 3308 1147 3378 deinceps
1174 3326 1262 3379 snper

214 3390 274 3448 biis
290 3392 398 3449 audeat
413 3393 579 3448 molestare.

249 3475 292 3532 L't
307 3478 400 3549 igitur
417 3495 453 3532 ea
469 3496 535 3549 qnae
552 3476 705 3549 premissa
715 3484 785 3532 sunt
798 3476 905 3532 suturis
917 3475 1096 3547 temporibus
1114 3487 1261 3548 perpetum

213 3561 360 3617 firmitatis
381 3561 471 3617 robur
493 3561 652 3627 obtineant,
683 3579 720 3617 ea
741 3560 878 3633 presenti
905 3565 987 3615 carta
1013 3568 1120 3625 nostra,
1148 3570 1179 3614 et
1201 3569 1260 3614 tam

211 3645 307 3716 sigilli
340 3647 442 3710 nostri,
472 3665 562 3717 qnam
594 3646 686 3717 sigilli
721 3646 842 3717 capituli
871 3645 1094 3717 Wygornicnsis
1130 3644 1261 3700 ecclesiia

212 3730 402 3802 appositione,
421 3734 635 3787 confirmamus.

249 3815 358 3872 Datum
379 3815 556 3887 Wygorniae,
579 3816 692 3872 decimo
715 3815 853 3871 kalendas
877 3815 1016 3886 Augusti,
1045 3832 1118 3869 auno
1142 3812 1260 3869 Domini

212 3899 389 3971 supradicto,
408 3918 482 3954 anuo
500 3901 724 3955 consecrationis
742 3907 848 3955 nostra
867 3906 980 3970 quarto.

245 3984 309 4039 Nos
327 3984 421 4054 igitur
437 3984 620 4040 attendentes
638 3983 807 4055 religiosam
826 3983 1084 4047 conversationem,
1105 3996 1136 4039 ct
1157 3984 1259 4039 bones·

210 4084 275 4124 tum
292 4069 424 4124 ordinem
441 4069 556 4124 abbatis
573 4078 605 4123 et
624 4067 831 4122 monachorum
849 4067 1051 4131 Gloucestriae,
1071 4086 1170 4123 omncs
1188 4067 1259 4123 has²

208 4153 410 4209 concessiones
421 4153 611 4209 ecclesiaram
623 4152 842 4223 appropriantes
855 4158 885 4207 et
896 4152 1075 4207 decimarum
1091 4153 1259 4208 collationes

209 4245 242 4294 et
258 4236 500 4301 confirmationes,
520 4237 598 4292 sicut
620 4236 657 4291 ab
684 4235 785 4291 eodem
812 4236 1025 4306 predecessore
1048 4243 1146 4293 nostro
1163 4239 1212 4309 pie
1229 4250 1260 4293 et

245 4474 252 4504 ¹
271 4471 304 4521 ln
319 4472 363 4522 the
379 4469 478 4536 margin
494 4470 555 4520 bere
569 4469 714 4520 iaiuaerted
733 4476 738 4523 1
760 4467 923 4518 Maltesdone.
976 4470 1036 4520 And
1064 4469 1123 4520 then
1156 4487 1172 4520 a
1196 4471 1259 4521 little

211 4552 242 4603 ia
257 4569 275 4603 a
292 4551 357 4603 later
372 4551 448 4609 had.
464 4548 534 4601 Nota
550 4550 581 4599 de
596 4551 713 4614 pentibus
733 4546 737 4615 1
760 4550 837 4599 lover
851 4545 1257 4614 condemnationes.

215 4643 256 4682 tt.
275 4649 297 4680 a.
315 4632 342 4680 ia
359 4625 461 4680 celaia
479 4628 570 4680 Sata
586 4627 712 4678 Jokmie
757 4629 864 4694 pertinet
873 4629 992 4678 sacrista.

206 4713 237 4763 ia
250 4709 415 4764 Gbuaaia.
448 4707 486 4760 Χ.
497 4727 518 4760 ι.
528 4707 556 4759 in
569 4704 670 4759 oeclaie
680 4707 711 4758 de
792 4708 803 4737 ²
818 4706 877 4772 lea]
896 4707 964 4767 haas,
976 4708 1032 4761 ils.
