<?xml version="1.0" encoding="UTF-8"?>
<!DOCTYPE html PUBLIC "-//W3C//DTD XHTML 1.0 Transitional//EN"
    "http://www.w3.org/TR/xhtml1/DTD/xhtml1-transitional.dtd">
<html xmlns="http://www.w3.org/1999/xhtml" xml:lang="en" lang="en">
 <head>
  <title>
</title>
<meta http-equiv="Content-Type" content="text/html;charset=utf-8" />
  <meta name='ocr-system' content='tesseract 3.04.00' />
  <meta name='ocr-capabilities' content='ocr_page ocr_carea ocr_par ocr_line ocrx_word'/>
</head>
<body>
  <div class='ocr_page' id='page_1' title='image "./historiaetcartu02monagoog_0309.png"; bbox 0 0 3218 5640; ppageno 0'>
   <div class='ocr_carea' id='block_1_1' title="bbox 364 772 1136 844">
    <p class='ocr_par' dir='ltr' id='par_1_1' title="bbox 364 772 1136 844">
     <span class='ocr_line' id='line_1_1' title="bbox 364 772 1136 844; baseline 0.003 -6"><span class='ocrx_word' id='word_1_1' title='bbox 364 772 430 844; x_wconf 79' lang='lat'><strong>272</strong></span> <span class='ocrx_word' id='word_1_2' title='bbox 648 785 897 836; x_wconf 74' lang='lat' dir='ltr'><strong>cnaurmmnu</strong></span> <span class='ocrx_word' id='word_1_3' title='bbox 919 786 1136 840; x_wconf 69' lang='lat' dir='ltr'><strong>naumann</strong></span> 
     </span>
    </p>
   </div>
   <div class='ocr_carea' id='block_1_2' title="bbox 364 966 1407 1286">
    <p class='ocr_par' dir='ltr' id='par_1_2' title="bbox 364 966 1407 1286">
     <span class='ocr_line' id='line_1_2' title="bbox 365 966 1405 1043; baseline 0.007 -23"><span class='ocrx_word' id='word_1_4' title='bbox 365 966 553 1021; x_wconf 84' lang='lat' dir='ltr'><strong>warantiaaro</strong></span> <span class='ocrx_word' id='word_1_5' title='bbox 578 971 711 1021; x_wconf 85' lang='lat' dir='ltr'><strong>tenemur</strong></span> <span class='ocrx_word' id='word_1_6' title='bbox 738 966 768 1020; x_wconf 90' lang='lat' dir='ltr'><strong>in</strong></span> <span class='ocrx_word' id='word_1_7' title='bbox 793 970 977 1038; x_wconf 83' lang='lat' dir='ltr'><strong>perpetuum.</strong></span> <span class='ocrx_word' id='word_1_8' title='bbox 1012 966 1055 1022; x_wconf 83' lang='lat' dir='ltr'><strong>Et</strong></span> <span class='ocrx_word' id='word_1_9' title='bbox 1082 974 1118 1023; x_wconf 88' lang='lat' dir='ltr'><strong>at</strong></span> <span class='ocrx_word' id='word_1_10' title='bbox 1144 969 1247 1026; x_wconf 78' lang='lat' dir='ltr'><strong>omnia</strong></span> <span class='ocrx_word' id='word_1_11' title='bbox 1268 970 1405 1043; x_wconf 70' lang='lat' dir='ltr'><strong>prodicta,</strong></span> 
     </span>
     <span class='ocr_line' id='line_1_3' title="bbox 364 1049 1407 1129; baseline 0.009 -26"><span class='ocrx_word' id='word_1_12' title='bbox 364 1052 426 1105; x_wconf 83' lang='lat' dir='ltr'><strong>sinc</strong></span> <span class='ocrx_word' id='word_1_13' title='bbox 455 1050 659 1105; x_wconf 75' lang='lat' dir='ltr'><strong>reclamatione</strong></span> <span class='ocrx_word' id='word_1_14' title='bbox 683 1057 784 1105; x_wconf 88' lang='lat' dir='ltr'><strong>nostra</strong></span> <span class='ocrx_word' id='word_1_15' title='bbox 808 1051 855 1104; x_wconf 80' lang='lat' dir='ltr'><strong>vel</strong></span> <span class='ocrx_word' id='word_1_16' title='bbox 880 1049 1030 1105; x_wconf 74' lang='lat' dir='ltr'><strong>haeredum</strong></span> <span class='ocrx_word' id='word_1_17' title='bbox 1056 1059 1242 1119; x_wconf 85' lang='lat' dir='ltr'><strong>nostrornm,</strong></span> <span class='ocrx_word' id='word_1_18' title='bbox 1272 1064 1407 1129; x_wconf 66' lang='lat' dir='ltr'><strong>perpetue</strong></span> 
     </span>
     <span class='ocr_line' id='line_1_4' title="bbox 365 1133 1407 1210; baseline 0.009 -22"><span class='ocrx_word' id='word_1_19' title='bbox 365 1133 552 1188; x_wconf 83' lang='lat' dir='ltr'><strong>firmitudinis</strong></span> <span class='ocrx_word' id='word_1_20' title='bbox 573 1134 662 1188; x_wconf 87' lang='lat' dir='ltr'><strong>robur</strong></span> <span class='ocrx_word' id='word_1_21' title='bbox 674 1135 832 1199; x_wconf 77' lang='lat' dir='ltr'><strong>obtineant,</strong></span> <span class='ocrx_word' id='word_1_22' title='bbox 847 1141 1021 1205; x_wconf 70' lang='lat' dir='ltr'><strong>praesentem</strong></span> <span class='ocrx_word' id='word_1_23' title='bbox 1034 1144 1148 1192; x_wconf 85' lang='lat' dir='ltr'><strong>cartam</strong></span> <span class='ocrx_word' id='word_1_24' title='bbox 1168 1139 1337 1210; x_wconf 80' lang='lat' dir='ltr'><strong>sigillorum</strong></span> <span class='ocrx_word' id='word_1_25' title='bbox 1352 1159 1407 1196; x_wconf 80' lang='lat' dir='ltr'><strong>noa·</strong></span> 
     </span>
     <span class='ocr_line' id='line_1_5' title="bbox 365 1219 1160 1286; baseline 0.005 -13"><span class='ocrx_word' id='word_1_26' title='bbox 365 1228 476 1279; x_wconf 83' lang='lat' dir='ltr'><strong>trorum</strong></span> <span class='ocrx_word' id='word_1_27' title='bbox 496 1219 655 1273; x_wconf 80' lang='lat' dir='ltr'><strong>munimine</strong></span> <span class='ocrx_word' id='word_1_28' title='bbox 674 1219 809 1273; x_wconf 82' lang='lat' dir='ltr'><strong>duximus</strong></span> <span class='ocrx_word' id='word_1_29' title='bbox 828 1219 1081 1286; x_wconf 76' lang='lat' dir='ltr'><strong>corroborandam,</strong></span> <span class='ocrx_word' id='word_1_30' title='bbox 1102 1228 1160 1277; x_wconf 84' lang='lat' dir='ltr'><strong>etc.</strong></span> 
     </span>
    </p>
   </div>
   <div class='ocr_carea' id='block_1_3' title="bbox 730 1491 1050 1560">
    <p class='ocr_par' dir='ltr' id='par_1_3' title="bbox 730 1491 1050 1560">
     <span class='ocr_line' id='line_1_6' title="bbox 730 1491 1050 1560; baseline 0.003 -2"><span class='ocrx_word' id='word_1_31' title='bbox 730 1491 920 1559; x_wconf 78' lang='lat' dir='ltr'>DCCCLX.</span> <span class='ocrx_word' id='word_1_32' title='bbox 944 1493 1050 1560; x_wconf 70' lang='lat' dir='ltr'><strong>Oreus.</strong></span> 
     </span>
    </p>
   </div>
   <div class='ocr_carea' id='block_1_4' title="bbox 359 1671 1415 2836">
    <p class='ocr_par' dir='ltr' id='par_1_4' title="bbox 359 1671 1415 2490">
     <span class='ocr_line' id='line_1_7' title="bbox 400 1671 1412 1746; baseline 0.006 -17"><span class='ocrx_word' id='word_1_33' title='bbox 400 1674 500 1730; x_wconf 83' lang='lat' dir='ltr'><strong>Sciant</strong></span> <span class='ocrx_word' id='word_1_34' title='bbox 518 1679 676 1746; x_wconf 65' lang='lat' dir='ltr'><strong>presentes</strong></span> <span class='ocrx_word' id='word_1_35' title='bbox 696 1678 725 1726; x_wconf 90' lang='lat' dir='ltr'><strong>et</strong></span> <span class='ocrx_word' id='word_1_36' title='bbox 752 1671 853 1736; x_wconf 80' lang='lat' dir='ltr'><strong>futuri,</strong></span> <span class='ocrx_word' id='word_1_37' title='bbox 875 1671 952 1743; x_wconf 89' lang='lat' dir='ltr'><strong>quod</strong></span> <span class='ocrx_word' id='word_1_38' title='bbox 971 1689 1028 1743; x_wconf 86' lang='lat' dir='ltr'><strong>ego</strong></span> <span class='ocrx_word' id='word_1_39' title='bbox 1047 1671 1199 1732; x_wconf 87' lang='lat' dir='ltr'><strong>Hearicas</strong></span> <span class='ocrx_word' id='word_1_40' title='bbox 1219 1677 1257 1732; x_wconf 86' lang='lat' dir='ltr'><strong>de</strong></span> <span class='ocrx_word' id='word_1_41' title='bbox 1276 1678 1361 1734; x_wconf 89' lang='lat' dir='ltr'><strong>Boan</strong></span> <span class='ocrx_word' id='word_1_42' title='bbox 1380 1677 1412 1733; x_wconf 78' lang='lat' dir='ltr'><strong>de</strong></span> 
     </span>
     <span class='ocr_line' id='line_1_8' title="bbox 363 1757 1411 1828; baseline 0.007 -16"><span class='ocrx_word' id='word_1_43' title='bbox 363 1759 458 1814; x_wconf 84' lang='lat' dir='ltr'><strong>Overo</strong></span> <span class='ocrx_word' id='word_1_44' title='bbox 478 1759 554 1821; x_wconf 84' lang='lat' dir='ltr'><strong>dedi,</strong></span> <span class='ocrx_word' id='word_1_45' title='bbox 575 1757 714 1822; x_wconf 76' lang='lat' dir='ltr'><strong>concessi,</strong></span> <span class='ocrx_word' id='word_1_46' title='bbox 735 1763 766 1812; x_wconf 86' lang='lat' dir='ltr'><strong>et</strong></span> <span class='ocrx_word' id='word_1_47' title='bbox 789 1758 843 1810; x_wconf 90' lang='lat' dir='ltr'><strong>hao</strong></span> <span class='ocrx_word' id='word_1_48' title='bbox 868 1764 1014 1828; x_wconf 71' lang='lat' dir='ltr'><strong>praesente</strong></span> <span class='ocrx_word' id='word_1_49' title='bbox 1032 1766 1114 1813; x_wconf 84' lang='lat' dir='ltr'><strong>carta</strong></span> <span class='ocrx_word' id='word_1_50' title='bbox 1139 1777 1208 1816; x_wconf 87' lang='lat' dir='ltr'><strong>mea</strong></span> <span class='ocrx_word' id='word_1_51' title='bbox 1239 1762 1411 1821; x_wconf 70' lang='lat' dir='ltr'><strong>confirmari.</strong></span> 
     </span>
     <span class='ocr_line' id='line_1_9' title="bbox 363 1840 1412 1917; baseline 0.004 -19"><span class='ocrx_word' id='word_1_52' title='bbox 363 1843 495 1899; x_wconf 78' lang='lat' dir='ltr'><strong>Gaisrido</strong></span> <span class='ocrx_word' id='word_1_53' title='bbox 523 1842 559 1896; x_wconf 87' lang='lat' dir='ltr'><strong>de</strong></span> <span class='ocrx_word' id='word_1_54' title='bbox 578 1841 714 1897; x_wconf 88' lang='lat' dir='ltr'><strong>Westono</strong></span> <span class='ocrx_word' id='word_1_55' title='bbox 742 1847 772 1895; x_wconf 89' lang='lat' dir='ltr'><strong>ct</strong></span> <span class='ocrx_word' id='word_1_56' title='bbox 796 1840 963 1895; x_wconf 75' lang='lat' dir='ltr'><strong>hareditas</strong></span> <span class='ocrx_word' id='word_1_57' title='bbox 990 1842 1063 1906; x_wconf 87' lang='lat' dir='ltr'><strong>suis,</strong></span> <span class='ocrx_word' id='word_1_58' title='bbox 1089 1843 1138 1897; x_wconf 77' lang='lat' dir='ltr'><strong>rel</strong></span> <span class='ocrx_word' id='word_1_59' title='bbox 1157 1845 1322 1917; x_wconf 78' lang='lat' dir='ltr'><strong>assignatis</strong></span> <span class='ocrx_word' id='word_1_60' title='bbox 1347 1847 1412 1907; x_wconf 83' lang='lat' dir='ltr'><strong>suis.</strong></span> 
     </span>
     <span class='ocr_line' id='line_1_10' title="bbox 361 1924 1412 1996; baseline 0.003 -14"><span class='ocrx_word' id='word_1_61' title='bbox 361 1938 449 1982; x_wconf 86' lang='lat' dir='ltr'><strong>totam</strong></span> <span class='ocrx_word' id='word_1_62' title='bbox 469 1934 577 1983; x_wconf 88' lang='lat' dir='ltr'><strong>terram</strong></span> <span class='ocrx_word' id='word_1_63' title='bbox 596 1943 700 1988; x_wconf 88' lang='lat' dir='ltr'><strong>meam,</strong></span> <span class='ocrx_word' id='word_1_64' title='bbox 721 1943 787 1979; x_wconf 88' lang='lat' dir='ltr'><strong>cam</strong></span> <span class='ocrx_word' id='word_1_65' title='bbox 808 1924 992 1996; x_wconf 84' lang='lat' dir='ltr'><strong>pertinentiis</strong></span> <span class='ocrx_word' id='word_1_66' title='bbox 1012 1927 1084 1990; x_wconf 90' lang='lat' dir='ltr'><strong>suis,</strong></span> <span class='ocrx_word' id='word_1_67' title='bbox 1105 1928 1136 1981; x_wconf 93' lang='lat' dir='ltr'><strong>in</strong></span> <span class='ocrx_word' id='word_1_68' title='bbox 1154 1928 1230 1983; x_wconf 75' lang='lat' dir='ltr'><strong>villa</strong></span> <span class='ocrx_word' id='word_1_69' title='bbox 1258 1929 1296 1984; x_wconf 87' lang='lat' dir='ltr'><strong>de</strong></span> <span class='ocrx_word' id='word_1_70' title='bbox 1314 1928 1412 1989; x_wconf 63' lang='lat' dir='ltr'><strong>orere.</strong></span> 
     </span>
     <span class='ocr_line' id='line_1_11' title="bbox 361 2009 1414 2086; baseline 0.004 -21"><span class='ocrx_word' id='word_1_71' title='bbox 361 2013 475 2067; x_wconf 78' lang='lat' dir='ltr'><strong>seilicet</strong></span> <span class='ocrx_word' id='word_1_72' title='bbox 493 2020 584 2066; x_wconf 89' lang='lat' dir='ltr'><strong>totam</strong></span> <span class='ocrx_word' id='word_1_73' title='bbox 603 2011 684 2064; x_wconf 90' lang='lat' dir='ltr'><strong>illam</strong></span> <span class='ocrx_word' id='word_1_74' title='bbox 704 2016 812 2063; x_wconf 80' lang='lat' dir='ltr'><strong>terram</strong></span> <span class='ocrx_word' id='word_1_75' title='bbox 825 2027 892 2063; x_wconf 75' lang='lat' dir='ltr'><strong>otim</strong></span> <span class='ocrx_word' id='word_1_76' title='bbox 911 2009 1098 2080; x_wconf 78' lang='lat' dir='ltr'><strong>pertinentiis</strong></span> <span class='ocrx_word' id='word_1_77' title='bbox 1111 2013 1174 2065; x_wconf 85' lang='lat' dir='ltr'><strong>sais</strong></span> <span class='ocrx_word' id='word_1_78' title='bbox 1194 2031 1286 2083; x_wconf 85' lang='lat' dir='ltr'><strong>qnam</strong></span> <span class='ocrx_word' id='word_1_79' title='bbox 1299 2014 1414 2086; x_wconf 75' lang='lat' dir='ltr'><strong>Edanya</strong></span> 
     </span>
     <span class='ocr_line' id='line_1_12' title="bbox 361 2092 1415 2168; baseline 0.001 -16"><span class='ocrx_word' id='word_1_80' title='bbox 361 2099 388 2151; x_wconf 84' lang='lat' dir='ltr'><strong>le</strong></span> <span class='ocrx_word' id='word_1_81' title='bbox 409 2097 486 2168; x_wconf 80' lang='lat' dir='ltr'><strong>Saga</strong></span> <span class='ocrx_word' id='word_1_82' title='bbox 511 2095 667 2166; x_wconf 85' lang='lat' dir='ltr'><strong>aliqnando</strong></span> <span class='ocrx_word' id='word_1_83' title='bbox 688 2093 782 2148; x_wconf 89' lang='lat' dir='ltr'><strong>tenuit</strong></span> <span class='ocrx_word' id='word_1_84' title='bbox 809 2094 839 2146; x_wconf 93' lang='lat' dir='ltr'><strong>in</strong></span> <span class='ocrx_word' id='word_1_85' title='bbox 860 2092 961 2146; x_wconf 86' lang='lat' dir='ltr'><strong>eadem</strong></span> <span class='ocrx_word' id='word_1_86' title='bbox 981 2093 1054 2147; x_wconf 85' lang='lat' dir='ltr'><strong>villa</strong></span> <span class='ocrx_word' id='word_1_87' title='bbox 1079 2094 1115 2148; x_wconf 90' lang='lat' dir='ltr'><strong>de</strong></span> <span class='ocrx_word' id='word_1_88' title='bbox 1134 2093 1254 2162; x_wconf 79' lang='lat' dir='ltr'><strong>Orere3</strong></span> <span class='ocrx_word' id='word_1_89' title='bbox 1280 2097 1415 2153; x_wconf 75' lang='lat' dir='ltr'><strong>videlieet</strong></span> 
     </span>
     <span class='ocr_line' id='line_1_13' title="bbox 362 2180 1414 2251; baseline 0.003 -16"><span class='ocrx_word' id='word_1_90' title='bbox 362 2201 453 2237; x_wconf 76' lang='lat' dir='ltr'><strong>urium</strong></span> <span class='ocrx_word' id='word_1_91' title='bbox 492 2181 686 2251; x_wconf 85' lang='lat' dir='ltr'><strong>mesuagium,</strong></span> <span class='ocrx_word' id='word_1_92' title='bbox 715 2184 745 2232; x_wconf 88' lang='lat' dir='ltr'><strong>et</strong></span> <span class='ocrx_word' id='word_1_93' title='bbox 773 2185 833 2232; x_wconf 84' lang='lat' dir='ltr'><strong>tres</strong></span> <span class='ocrx_word' id='word_1_94' title='bbox 865 2196 947 2232; x_wconf 86' lang='lat' dir='ltr'><strong>acras</strong></span> <span class='ocrx_word' id='word_1_95' title='bbox 984 2183 1073 2232; x_wconf 72' lang='lat' dir='ltr'><strong>terrae</strong></span> <span class='ocrx_word' id='word_1_96' title='bbox 1104 2180 1238 2245; x_wconf 84' lang='lat' dir='ltr'><strong>arabilis,</strong></span> <span class='ocrx_word' id='word_1_97' title='bbox 1271 2192 1303 2236; x_wconf 85' lang='lat' dir='ltr'><strong>et</strong></span> <span class='ocrx_word' id='word_1_98' title='bbox 1332 2200 1414 2238; x_wconf 74' lang='lat' dir='ltr'><strong>unam</strong></span> 
     </span>
     <span class='ocr_line' id='line_1_14' title="bbox 360 2263 1414 2338; baseline 0.001 -17"><span class='ocrx_word' id='word_1_99' title='bbox 360 2285 456 2321; x_wconf 88' lang='lat' dir='ltr'><strong>acram</strong></span> <span class='ocrx_word' id='word_1_100' title='bbox 487 2266 573 2338; x_wconf 90' lang='lat' dir='ltr'><strong>prati,</strong></span> <span class='ocrx_word' id='word_1_101' title='bbox 607 2282 672 2318; x_wconf 87' lang='lat' dir='ltr'><strong>cum</strong></span> <span class='ocrx_word' id='word_1_102' title='bbox 712 2263 846 2316; x_wconf 88' lang='lat' dir='ltr'><strong>omuibus</strong></span> <span class='ocrx_word' id='word_1_103' title='bbox 884 2263 1070 2333; x_wconf 84' lang='lat' dir='ltr'><strong>pertinentiis</strong></span> <span class='ocrx_word' id='word_1_104' title='bbox 1104 2264 1183 2328; x_wconf 86' lang='lat' dir='ltr'><strong>snis;</strong></span> <span class='ocrx_word' id='word_1_105' title='bbox 1221 2265 1360 2321; x_wconf 85' lang='lat' dir='ltr'><strong>habenda</strong></span> <span class='ocrx_word' id='word_1_106' title='bbox 1387 2272 1414 2321; x_wconf 86' lang='lat' dir='ltr'><strong>et</strong></span> 
     </span>
     <span class='ocr_line' id='line_1_15' title="bbox 360 2346 1415 2422; baseline 0.001 -16"><span class='ocrx_word' id='word_1_107' title='bbox 360 2351 493 2415; x_wconf 86' lang='lat' dir='ltr'><strong>tenenda,</strong></span> <span class='ocrx_word' id='word_1_108' title='bbox 506 2356 568 2406; x_wconf 90' lang='lat' dir='ltr'><strong>tota</strong></span> <span class='ocrx_word' id='word_1_109' title='bbox 580 2348 657 2404; x_wconf 79' lang='lat' dir='ltr'><strong>vita¹</strong></span> <span class='ocrx_word' id='word_1_110' title='bbox 676 2365 751 2411; x_wconf 86' lang='lat' dir='ltr'><strong>mea,</strong></span> <span class='ocrx_word' id='word_1_111' title='bbox 766 2347 828 2401; x_wconf 82' lang='lat' dir='ltr'><strong>sine</strong></span> <span class='ocrx_word' id='word_1_112' title='bbox 847 2346 946 2418; x_wconf 85' lang='lat' dir='ltr'><strong>aliquo</strong></span> <span class='ocrx_word' id='word_1_113' title='bbox 958 2354 1158 2403; x_wconf 86' lang='lat' dir='ltr'><strong>retenemento</strong></span> <span class='ocrx_word' id='word_1_114' title='bbox 1171 2349 1209 2403; x_wconf 88' lang='lat' dir='ltr'><strong>ad</strong></span> <span class='ocrx_word' id='word_1_115' title='bbox 1224 2367 1301 2422; x_wconf 86' lang='lat' dir='ltr'><strong>opus</strong></span> <span class='ocrx_word' id='word_1_116' title='bbox 1320 2368 1415 2407; x_wconf 79' lang='lat' dir='ltr'><strong>meum</strong></span> 
     </span>
     <span class='ocr_line' id='line_1_16' title="bbox 359 2435 733 2490; baseline -0.011 0"><span class='ocrx_word' id='word_1_117' title='bbox 359 2437 404 2490; x_wconf 79' lang='lat' dir='ltr'><strong>vel</strong></span> <span class='ocrx_word' id='word_1_118' title='bbox 425 2435 574 2490; x_wconf 70' lang='lat' dir='ltr'><strong>hairedum</strong></span> <span class='ocrx_word' id='word_1_119' title='bbox 593 2451 733 2488; x_wconf 85' lang='lat' dir='ltr'><strong>meorum.</strong></span> 
     </span>
    </p>

    <p class='ocr_par' dir='ltr' id='par_1_5' title="bbox 359 2515 1414 2836">
     <span class='ocr_line' id='line_1_17' title="bbox 394 2515 1414 2575; baseline 0.002 -1"><span class='ocrx_word' id='word_1_120' title='bbox 394 2519 553 2574; x_wconf 85' lang='lat' dir='ltr'><strong>Reddeudo</strong></span> <span class='ocrx_word' id='word_1_121' title='bbox 583 2519 649 2573; x_wconf 89' lang='lat' dir='ltr'><strong>iude</strong></span> <span class='ocrx_word' id='word_1_122' title='bbox 680 2516 829 2571; x_wconf 79' lang='lat' dir='ltr'><strong>annuatim</strong></span> <span class='ocrx_word' id='word_1_123' title='bbox 857 2515 954 2570; x_wconf 88' lang='lat' dir='ltr'><strong>abbati</strong></span> <span class='ocrx_word' id='word_1_124' title='bbox 983 2515 1083 2570; x_wconf 79' lang='lat' dir='ltr'><strong>Sancti</strong></span> <span class='ocrx_word' id='word_1_125' title='bbox 1110 2515 1193 2571; x_wconf 89' lang='lat' dir='ltr'><strong>Petri</strong></span> <span class='ocrx_word' id='word_1_126' title='bbox 1221 2517 1414 2575; x_wconf 76' lang='lat' dir='ltr'><strong>Gloaoestria</strong></span> 
     </span>
     <span class='ocr_line' id='line_1_18' title="bbox 360 2599 1411 2673; baseline -0.001 -14"><span class='ocrx_word' id='word_1_127' title='bbox 360 2605 432 2659; x_wconf 86' lang='lat' dir='ltr'><strong>duos</strong></span> <span class='ocrx_word' id='word_1_128' title='bbox 452 2604 559 2659; x_wconf 85' lang='lat' dir='ltr'><strong>solidos</strong></span> <span class='ocrx_word' id='word_1_129' title='bbox 579 2603 616 2657; x_wconf 92' lang='lat' dir='ltr'><strong>ad</strong></span> <span class='ocrx_word' id='word_1_130' title='bbox 635 2607 759 2673; x_wconf 88' lang='lat' dir='ltr'><strong>quatuor</strong></span> <span class='ocrx_word' id='word_1_131' title='bbox 778 2600 845 2654; x_wconf 89' lang='lat' dir='ltr'><strong>anni</strong></span> <span class='ocrx_word' id='word_1_132' title='bbox 866 2599 1016 2663; x_wconf 87' lang='lat' dir='ltr'><strong>terminos,</strong></span> <span class='ocrx_word' id='word_1_133' title='bbox 1036 2618 1090 2671; x_wconf 88' lang='lat' dir='ltr'><strong>pro</strong></span> <span class='ocrx_word' id='word_1_134' title='bbox 1115 2601 1253 2655; x_wconf 87' lang='lat' dir='ltr'><strong>omnibns</strong></span> <span class='ocrx_word' id='word_1_135' title='bbox 1273 2603 1411 2665; x_wconf 81' lang='lat' dir='ltr'><strong>servitiis,</strong></span> 
     </span>
     <span class='ocr_line' id='line_1_19' title="bbox 359 2683 1412 2751; baseline -0.002 -6"><span class='ocrx_word' id='word_1_136' title='bbox 359 2691 457 2751; x_wconf 83' lang='lat' dir='ltr'><strong>sectis,</strong></span> <span class='ocrx_word' id='word_1_137' title='bbox 487 2696 517 2743; x_wconf 83' lang='lat' dir='ltr'><strong>ot</strong></span> <span class='ocrx_word' id='word_1_138' title='bbox 537 2686 706 2751; x_wconf 80' lang='lat' dir='ltr'><strong>donrandis;</strong></span> <span class='ocrx_word' id='word_1_139' title='bbox 733 2684 871 2740; x_wconf 86' lang='lat' dir='ltr'><strong>videlicet</strong></span> <span class='ocrx_word' id='word_1_140' title='bbox 888 2683 925 2738; x_wconf 91' lang='lat' dir='ltr'><strong>ad</strong></span> <span class='ocrx_word' id='word_1_141' title='bbox 946 2684 1053 2738; x_wconf 86' lang='lat' dir='ltr'><strong>festam</strong></span> <span class='ocrx_word' id='word_1_142' title='bbox 1072 2684 1157 2740; x_wconf 83' lang='lat' dir='ltr'><strong>Beati</strong></span> <span class='ocrx_word' id='word_1_143' title='bbox 1176 2685 1336 2742; x_wconf 82' lang='lat' dir='ltr'><strong>Michaelis</strong></span> <span class='ocrx_word' id='word_1_144' title='bbox 1364 2688 1412 2743; x_wconf 75' lang='lat' dir='ltr'><strong>sei</strong></span> 
     </span>
     <span class='ocr_line' id='line_1_20' title="bbox 362 2767 1412 2836; baseline -0.001 -9"><span class='ocrx_word' id='word_1_145' title='bbox 362 2774 506 2836; x_wconf 83' lang='lat' dir='ltr'><strong>denarios,</strong></span> <span class='ocrx_word' id='word_1_146' title='bbox 533 2778 562 2826; x_wconf 89' lang='lat' dir='ltr'><strong>ot</strong></span> <span class='ocrx_word' id='word_1_147' title='bbox 589 2771 626 2826; x_wconf 84' lang='lat' dir='ltr'><strong>ad</strong></span> <span class='ocrx_word' id='word_1_148' title='bbox 657 2772 764 2824; x_wconf 76' lang='lat' dir='ltr'><strong>festum</strong></span> <span class='ocrx_word' id='word_1_149' title='bbox 793 2768 891 2823; x_wconf 82' lang='lat' dir='ltr'><strong>Sancti</strong></span> <span class='ocrx_word' id='word_1_150' title='bbox 916 2767 1043 2822; x_wconf 71' lang='lat' dir='ltr'><strong>Andreae</strong></span> <span class='ocrx_word' id='word_1_151' title='bbox 1068 2786 1118 2823; x_wconf 80' lang='lat' dir='ltr'><strong>sex</strong></span> <span class='ocrx_word' id='word_1_152' title='bbox 1142 2768 1293 2835; x_wconf 88' lang='lat' dir='ltr'><strong>denarios,</strong></span> <span class='ocrx_word' id='word_1_153' title='bbox 1323 2778 1354 2826; x_wconf 84' lang='lat' dir='ltr'><strong>et</strong></span> <span class='ocrx_word' id='word_1_154' title='bbox 1377 2770 1412 2826; x_wconf 84' lang='lat' dir='ltr'><strong>ad</strong></span> 
     </span>
    </p>
   </div>
   <div class='ocr_carea' id='block_1_5' title="bbox 226 2852 1411 2916">
    <p class='ocr_par' dir='ltr' id='par_1_6' title="bbox 226 2852 1411 2916">
     <span class='ocr_line' id='line_1_21' title="bbox 226 2852 1411 2916; baseline -0.003 -2"><span class='ocrx_word' id='word_1_155' title='bbox 226 2873 240 2915; x_wconf 70' lang='grc' dir='ltr'><strong>ι’</strong></span> <span class='ocrx_word' id='word_1_156' title='bbox 267 2892 281 2915; x_wconf 76' lang='lat'><strong>‚.</strong></span> <span class='ocrx_word' id='word_1_157' title='bbox 362 2856 627 2911; x_wconf 82' lang='lat' dir='ltr'><strong>Annunoiationcru</strong></span> <span class='ocrx_word' id='word_1_158' title='bbox 654 2855 753 2908; x_wconf 80' lang='lat' dir='ltr'><strong>Beatm</strong></span> <span class='ocrx_word' id='word_1_159' title='bbox 779 2852 881 2906; x_wconf 81' lang='lat' dir='ltr'><strong>Marito</strong></span> <span class='ocrx_word' id='word_1_160' title='bbox 912 2869 961 2907; x_wconf 88' lang='lat' dir='ltr'><strong>sex</strong></span> <span class='ocrx_word' id='word_1_161' title='bbox 998 2852 1143 2916; x_wconf 84' lang='lat' dir='ltr'><strong>denarios,</strong></span> <span class='ocrx_word' id='word_1_162' title='bbox 1175 2860 1206 2907; x_wconf 88' lang='lat' dir='ltr'><strong>et</strong></span> <span class='ocrx_word' id='word_1_163' title='bbox 1236 2854 1276 2909; x_wconf 89' lang='lat' dir='ltr'><strong>ad</strong></span> <span class='ocrx_word' id='word_1_164' title='bbox 1306 2856 1411 2910; x_wconf 78' lang='lat' dir='ltr'><strong>festum</strong></span> 
     </span>
    </p>
   </div>
   <div class='ocr_carea' id='block_1_6' title="bbox 361 2936 1412 3172">
    <p class='ocr_par' dir='ltr' id='par_1_7' title="bbox 361 2936 1412 3172">
     <span class='ocr_line' id='line_1_22' title="bbox 363 2936 1411 3009; baseline 0 -14"><span class='ocrx_word' id='word_1_165' title='bbox 363 2942 461 2996; x_wconf 78' lang='lat' dir='ltr'><strong>Sancti</strong></span> <span class='ocrx_word' id='word_1_166' title='bbox 488 2939 630 2994; x_wconf 86' lang='lat' dir='ltr'><strong>Johannis</strong></span> <span class='ocrx_word' id='word_1_167' title='bbox 655 2939 795 3009; x_wconf 77' lang='lat' dir='ltr'><strong>Baptista</strong></span> <span class='ocrx_word' id='word_1_168' title='bbox 824 2953 874 2991; x_wconf 84' lang='lat' dir='ltr'><strong>sex</strong></span> <span class='ocrx_word' id='word_1_169' title='bbox 899 2936 1042 2991; x_wconf 85' lang='lat' dir='ltr'><strong>denarios.</strong></span> <span class='ocrx_word' id='word_1_170' title='bbox 1080 2937 1146 3006; x_wconf 80' lang='lat' dir='ltr'><strong>Ego</strong></span> <span class='ocrx_word' id='word_1_171' title='bbox 1172 2954 1244 2991; x_wconf 76' lang='lat' dir='ltr'><strong>vero</strong></span> <span class='ocrx_word' id='word_1_172' title='bbox 1264 2938 1411 2995; x_wconf 86' lang='lat' dir='ltr'><strong>Henrieas</strong></span> 
     </span>
     <span class='ocr_line' id='line_1_23' title="bbox 361 3020 1412 3094; baseline 0.001 -16"><span class='ocrx_word' id='word_1_173' title='bbox 361 3024 398 3078; x_wconf 89' lang='lat' dir='ltr'><strong>de</strong></span> <span class='ocrx_word' id='word_1_174' title='bbox 411 3024 494 3077; x_wconf 91' lang='lat' dir='ltr'><strong>Boun</strong></span> <span class='ocrx_word' id='word_1_175' title='bbox 506 3030 597 3079; x_wconf 90' lang='lat' dir='ltr'><strong>totam</strong></span> <span class='ocrx_word' id='word_1_176' title='bbox 615 3023 784 3094; x_wconf 69' lang='lat' dir='ltr'><strong>praedictam</strong></span> <span class='ocrx_word' id='word_1_177' title='bbox 803 3026 921 3082; x_wconf 84' lang='lat' dir='ltr'><strong>terram,</strong></span> <span class='ocrx_word' id='word_1_178' title='bbox 935 3038 1002 3073; x_wconf 86' lang='lat' dir='ltr'><strong>cum</strong></span> <span class='ocrx_word' id='word_1_179' title='bbox 1020 3020 1206 3090; x_wconf 85' lang='lat' dir='ltr'><strong>pertinentiis</strong></span> <span class='ocrx_word' id='word_1_180' title='bbox 1225 3023 1299 3087; x_wconf 84' lang='lat' dir='ltr'><strong>suis,</strong></span> <span class='ocrx_word' id='word_1_181' title='bbox 1313 3042 1412 3094; x_wconf 85' lang='lat' dir='ltr'><strong>qaam·</strong></span> 
     </span>
     <span class='ocr_line' id='line_1_24' title="bbox 362 3104 1354 3172; baseline 0 -10"><span class='ocrx_word' id='word_1_182' title='bbox 362 3108 412 3162; x_wconf 88' lang='lat' dir='ltr'><strong>diu</strong></span> <span class='ocrx_word' id='word_1_183' title='bbox 431 3109 541 3172; x_wconf 82' lang='lat' dir='ltr'><strong>vixero,</strong></span> <span class='ocrx_word' id='word_1_184' title='bbox 561 3114 662 3162; x_wconf 87' lang='lat' dir='ltr'><strong>contra</strong></span> <span class='ocrx_word' id='word_1_185' title='bbox 679 3123 779 3160; x_wconf 84' lang='lat' dir='ltr'><strong>omnes</strong></span> <span class='ocrx_word' id='word_1_186' title='bbox 797 3104 929 3159; x_wconf 81' lang='lat' dir='ltr'><strong>homines</strong></span> <span class='ocrx_word' id='word_1_187' title='bbox 947 3109 978 3160; x_wconf 84' lang='lat' dir='ltr'><strong>et</strong></span> <span class='ocrx_word' id='word_1_188' title='bbox 995 3105 1129 3160; x_wconf 79' lang='lat' dir='ltr'><strong>soeminas</strong></span> <span class='ocrx_word' id='word_1_189' title='bbox 1148 3107 1354 3162; x_wconf 75' lang='lat' dir='ltr'><strong>natantizabo.</strong></span> 
     </span>
    </p>
   </div>
   <div class='ocr_carea' id='block_1_7' title="bbox 397 3190 901 3263">
    <p class='ocr_par' dir='ltr' id='par_1_8' title="bbox 397 3190 901 3263">
     <span class='ocr_line' id='line_1_25' title="bbox 397 3190 901 3263; baseline -0.012 -15"><span class='ocrx_word' id='word_1_190' title='bbox 397 3192 432 3248; x_wconf 93' lang='lat' dir='ltr'><strong>In</strong></span> <span class='ocrx_word' id='word_1_191' title='bbox 451 3192 536 3263; x_wconf 85' lang='lat' dir='ltr'><strong>cujus</strong></span> <span class='ocrx_word' id='word_1_192' title='bbox 555 3192 598 3246; x_wconf 88' lang='lat' dir='ltr'><strong>rei</strong></span> <span class='ocrx_word' id='word_1_193' title='bbox 617 3190 825 3254; x_wconf 85' lang='lat' dir='ltr'><strong>testimonium,</strong></span> <span class='ocrx_word' id='word_1_194' title='bbox 846 3194 901 3243; x_wconf 88' lang='lat' dir='ltr'><strong>etc.</strong></span> 
     </span>
    </p>
   </div>
   <div class='ocr_carea' id='block_1_8' title="bbox 711 3453 1053 3522">
    <p class='ocr_par' dir='ltr' id='par_1_9' title="bbox 711 3453 1053 3522">
     <span class='ocr_line' id='line_1_26' title="bbox 711 3453 1053 3522; baseline 0 -1"><span class='ocrx_word' id='word_1_195' title='bbox 711 3453 919 3522; x_wconf 79' lang='lat' dir='ltr'>DOCOLXI.</span> <span class='ocrx_word' id='word_1_196' title='bbox 946 3456 1053 3521; x_wconf 76' lang='lat' dir='ltr'><strong>Onera</strong></span> 
     </span>
    </p>
   </div>
   <div class='ocr_carea' id='block_1_9' title="bbox 350 3629 1414 4473">
    <p class='ocr_par' dir='ltr' id='par_1_10' title="bbox 359 3629 1414 3867">
     <span class='ocr_line' id='line_1_27' title="bbox 395 3629 1414 3695; baseline 0.002 -4"><span class='ocrx_word' id='word_1_197' title='bbox 395 3632 557 3691; x_wconf 78' lang='lat' dir='ltr'><strong>Omnibus²</strong></span> <span class='ocrx_word' id='word_1_198' title='bbox 569 3632 681 3688; x_wconf 83' lang='lat' dir='ltr'><strong>Christi</strong></span> <span class='ocrx_word' id='word_1_199' title='bbox 701 3630 845 3695; x_wconf 78' lang='lat' dir='ltr'><strong>fidelibus,</strong></span> <span class='ocrx_word' id='word_1_200' title='bbox 867 3629 1015 3685; x_wconf 64' lang='lat' dir='ltr'><strong>«Iohannes</strong></span> <span class='ocrx_word' id='word_1_201' title='bbox 1032 3630 1111 3686; x_wconf 85' lang='lat' dir='ltr'><strong>filius</strong></span> <span class='ocrx_word' id='word_1_202' title='bbox 1129 3631 1253 3688; x_wconf 87' lang='lat' dir='ltr'><strong>Henrici</strong></span> <span class='ocrx_word' id='word_1_203' title='bbox 1276 3635 1315 3690; x_wconf 88' lang='lat' dir='ltr'><strong>de</strong></span> <span class='ocrx_word' id='word_1_204' title='bbox 1339 3637 1414 3693; x_wconf 80' lang='lat' dir='ltr'><strong>Kar-</strong></span> 
     </span>
     <span class='ocr_line' id='line_1_28' title="bbox 359 3714 1412 3794; baseline 0.001 -19"><span class='ocrx_word' id='word_1_205' title='bbox 359 3722 478 3794; x_wconf 76' lang='lat' dir='ltr'><strong>unrpin,</strong></span> <span class='ocrx_word' id='word_1_206' title='bbox 502 3726 532 3773; x_wconf 82' lang='lat' dir='ltr'><strong>et</strong></span> <span class='ocrx_word' id='word_1_207' title='bbox 556 3716 700 3772; x_wconf 86' lang='lat' dir='ltr'><strong>Blandina</strong></span> <span class='ocrx_word' id='word_1_208' title='bbox 724 3733 797 3769; x_wconf 82' lang='lat' dir='ltr'><strong>uxor</strong></span> <span class='ocrx_word' id='word_1_209' title='bbox 826 3715 899 3786; x_wconf 83' lang='lat' dir='ltr'><strong>ejus,</strong></span> <span class='ocrx_word' id='word_1_210' title='bbox 927 3714 988 3768; x_wconf 83' lang='lat' dir='ltr'><strong>filia</strong></span> <span class='ocrx_word' id='word_1_211' title='bbox 1012 3720 1043 3770; x_wconf 87' lang='lat' dir='ltr'><strong>et</strong></span> <span class='ocrx_word' id='word_1_212' title='bbox 1072 3715 1165 3770; x_wconf 78' lang='lat' dir='ltr'><strong>hares</strong></span> <span class='ocrx_word' id='word_1_213' title='bbox 1192 3714 1350 3791; x_wconf 82' lang='lat' dir='ltr'><strong>G[alfridi]</strong></span> <span class='ocrx_word' id='word_1_214' title='bbox 1376 3720 1412 3776; x_wconf 82' lang='lat' dir='ltr'><strong>de</strong></span> 
     </span>
     <span class='ocr_line' id='line_1_29' title="bbox 359 3798 855 3867; baseline -0.018 -6"><span class='ocrx_word' id='word_1_215' title='bbox 359 3806 506 3867; x_wconf 85' lang='lat' dir='ltr'><strong>Westonc,</strong></span> <span class='ocrx_word' id='word_1_216' title='bbox 527 3803 653 3857; x_wconf 88' lang='lat' dir='ltr'><strong>salutem</strong></span> <span class='ocrx_word' id='word_1_217' title='bbox 672 3800 701 3854; x_wconf 91' lang='lat' dir='ltr'><strong>in</strong></span> <span class='ocrx_word' id='word_1_218' title='bbox 720 3798 855 3854; x_wconf 88' lang='lat' dir='ltr'><strong>Domina.</strong></span> 
     </span>
    </p>

    <p class='ocr_par' dir='ltr' id='par_1_11' title="bbox 350 3882 1413 4473">
     <span class='ocr_line' id='line_1_30' title="bbox 394 3882 1411 3953; baseline 0.001 -11"><span class='ocrx_word' id='word_1_219' title='bbox 394 3886 544 3942; x_wconf 61' lang='lat' dir='ltr'><strong>Noa-eritis</strong></span> <span class='ocrx_word' id='word_1_220' title='bbox 562 3902 614 3940; x_wconf 85' lang='lat' dir='ltr'><strong>nos</strong></span> <span class='ocrx_word' id='word_1_221' title='bbox 634 3883 820 3945; x_wconf 83' lang='lat' dir='ltr'><strong>concessisse,</strong></span> <span class='ocrx_word' id='word_1_222' title='bbox 835 3882 960 3947; x_wconf 86' lang='lat' dir='ltr'><strong>dedisse,</strong></span> <span class='ocrx_word' id='word_1_223' title='bbox 975 3888 1005 3936; x_wconf 85' lang='lat' dir='ltr'><strong>et</strong></span> <span class='ocrx_word' id='word_1_224' title='bbox 1021 3900 1075 3953; x_wconf 90' lang='lat' dir='ltr'><strong>pro</strong></span> <span class='ocrx_word' id='word_1_225' title='bbox 1093 3883 1176 3938; x_wconf 92' lang='lat' dir='ltr'><strong>nobis</strong></span> <span class='ocrx_word' id='word_1_226' title='bbox 1195 3892 1226 3941; x_wconf 86' lang='lat' dir='ltr'><strong>ot</strong></span> <span class='ocrx_word' id='word_1_227' title='bbox 1243 3887 1411 3945; x_wconf 73' lang='lat' dir='ltr'><strong>haeredibus</strong></span> 
     </span>
     <span class='ocr_line' id='line_1_31' title="bbox 359 3966 1411 4035; baseline 0.002 -8"><span class='ocrx_word' id='word_1_228' title='bbox 359 3972 475 4035; x_wconf 88' lang='lat' dir='ltr'><strong>uostris,</strong></span> <span class='ocrx_word' id='word_1_229' title='bbox 514 3969 699 4025; x_wconf 84' lang='lat' dir='ltr'><strong>confirmasse</strong></span> <span class='ocrx_word' id='word_1_230' title='bbox 733 3967 849 4021; x_wconf 89' lang='lat' dir='ltr'><strong>domino</strong></span> <span class='ocrx_word' id='word_1_231' title='bbox 886 3966 1022 4030; x_wconf 87' lang='lat' dir='ltr'><strong>Johanni,</strong></span> <span class='ocrx_word' id='word_1_232' title='bbox 1060 3967 1157 4022; x_wconf 85' lang='lat' dir='ltr'><strong>abbati</strong></span> <span class='ocrx_word' id='word_1_233' title='bbox 1188 3975 1219 4024; x_wconf 89' lang='lat' dir='ltr'><strong>et</strong></span> <span class='ocrx_word' id='word_1_234' title='bbox 1255 3975 1411 4029; x_wconf 79' lang='lat' dir='ltr'><strong>conventui</strong></span> 
     </span>
     <span class='ocr_line' id='line_1_32' title="bbox 350 4052 1411 4115; baseline 0.002 -4"><span class='ocrx_word' id='word_1_235' title='bbox 350 4055 459 4111; x_wconf 71' lang='lat' dir='ltr'><strong>&#39;Sancti</strong></span> <span class='ocrx_word' id='word_1_236' title='bbox 478 4055 559 4110; x_wconf 88' lang='lat' dir='ltr'><strong>Petri</strong></span> <span class='ocrx_word' id='word_1_237' title='bbox 579 4052 780 4115; x_wconf 82' lang='lat' dir='ltr'><strong>Gloucestrioe,</strong></span> <span class='ocrx_word' id='word_1_238' title='bbox 798 4059 890 4106; x_wconf 89' lang='lat' dir='ltr'><strong>totam</strong></span> <span class='ocrx_word' id='word_1_239' title='bbox 908 4063 1018 4105; x_wconf 86' lang='lat' dir='ltr'><strong>terram</strong></span> <span class='ocrx_word' id='word_1_240' title='bbox 1035 4059 1174 4114; x_wconf 85' lang='lat' dir='ltr'><strong>nostram,</strong></span> <span class='ocrx_word' id='word_1_241' title='bbox 1188 4071 1256 4108; x_wconf 89' lang='lat' dir='ltr'><strong>oum</strong></span> <span class='ocrx_word' id='word_1_242' title='bbox 1275 4058 1411 4113; x_wconf 87' lang='lat' dir='ltr'><strong>omnibus</strong></span> 
     </span>
     <span class='ocr_line' id='line_1_33' title="bbox 358 4134 1413 4211; baseline 0.003 -17"><span class='ocrx_word' id='word_1_243' title='bbox 358 4139 544 4211; x_wconf 84' lang='lat' dir='ltr'><strong>pertinentiis</strong></span> <span class='ocrx_word' id='word_1_244' title='bbox 563 4137 635 4201; x_wconf 78' lang='lat' dir='ltr'><strong>suia,</strong></span> <span class='ocrx_word' id='word_1_245' title='bbox 656 4153 744 4206; x_wconf 85' lang='lat' dir='ltr'><strong>quam</strong></span> <span class='ocrx_word' id='word_1_246' title='bbox 763 4134 912 4190; x_wconf 85' lang='lat' dir='ltr'><strong>Galfridus</strong></span> <span class='ocrx_word' id='word_1_247' title='bbox 937 4134 973 4188; x_wconf 88' lang='lat' dir='ltr'><strong>de</strong></span> <span class='ocrx_word' id='word_1_248' title='bbox 994 4134 1129 4189; x_wconf 86' lang='lat' dir='ltr'><strong>Westone</strong></span> <span class='ocrx_word' id='word_1_249' title='bbox 1148 4137 1297 4206; x_wconf 80' lang='lat' dir='ltr'><strong>qrrondam</strong></span> <span class='ocrx_word' id='word_1_250' title='bbox 1317 4143 1413 4197; x_wconf 83' lang='lat' dir='ltr'><strong>tenuit</strong></span> 
     </span>
     <span class='ocr_line' id='line_1_34' title="bbox 360 4217 1409 4289; baseline 0.003 -12"><span class='ocrx_word' id='word_1_251' title='bbox 360 4224 390 4277; x_wconf 89' lang='lat' dir='ltr'><strong>in</strong></span> <span class='ocrx_word' id='word_1_252' title='bbox 403 4222 506 4287; x_wconf 75' lang='lat' dir='ltr'><strong>Orare,</strong></span> <span class='ocrx_word' id='word_1_253' title='bbox 527 4239 594 4276; x_wconf 90' lang='lat' dir='ltr'><strong>cum</strong></span> <span class='ocrx_word' id='word_1_254' title='bbox 612 4220 692 4273; x_wconf 91' lang='lat' dir='ltr'><strong>omni</strong></span> <span class='ocrx_word' id='word_1_255' title='bbox 707 4219 774 4289; x_wconf 88' lang='lat' dir='ltr'><strong>juro</strong></span> <span class='ocrx_word' id='word_1_256' title='bbox 793 4218 870 4288; x_wconf 90' lang='lat' dir='ltr'><strong>quod</strong></span> <span class='ocrx_word' id='word_1_257' title='bbox 888 4219 920 4272; x_wconf 90' lang='lat' dir='ltr'><strong>in</strong></span> <span class='ocrx_word' id='word_1_258' title='bbox 938 4217 1039 4272; x_wconf 85' lang='lat' dir='ltr'><strong>eadem</strong></span> <span class='ocrx_word' id='word_1_259' title='bbox 1058 4219 1233 4286; x_wconf 84' lang='lat' dir='ltr'><strong>habaimus3</strong></span> <span class='ocrx_word' id='word_1_260' title='bbox 1254 4226 1409 4280; x_wconf 83' lang='lat' dir='ltr'><strong>tenendam</strong></span> 
     </span>
     <span class='ocr_line' id='line_1_35' title="bbox 360 4302 1409 4380; baseline 0.004 -21"><span class='ocrx_word' id='word_1_261' title='bbox 360 4316 390 4360; x_wconf 81' lang='lat' dir='ltr'><strong>et</strong></span> <span class='ocrx_word' id='word_1_262' title='bbox 414 4305 575 4360; x_wconf 89' lang='lat' dir='ltr'><strong>habendam</strong></span> <span class='ocrx_word' id='word_1_263' title='bbox 604 4303 715 4357; x_wconf 89' lang='lat' dir='ltr'><strong>eisdem</strong></span> <span class='ocrx_word' id='word_1_264' title='bbox 738 4302 835 4356; x_wconf 88' lang='lat' dir='ltr'><strong>abbati</strong></span> <span class='ocrx_word' id='word_1_265' title='bbox 863 4309 894 4356; x_wconf 85' lang='lat' dir='ltr'><strong>et</strong></span> <span class='ocrx_word' id='word_1_266' title='bbox 917 4303 1081 4367; x_wconf 84' lang='lat' dir='ltr'><strong>conventui,</strong></span> <span class='ocrx_word' id='word_1_267' title='bbox 1107 4302 1201 4357; x_wconf 85' lang='lat' dir='ltr'><strong>solute</strong></span> <span class='ocrx_word' id='word_1_268' title='bbox 1228 4312 1259 4359; x_wconf 87' lang='lat' dir='ltr'><strong>et</strong></span> <span class='ocrx_word' id='word_1_269' title='bbox 1284 4308 1409 4380; x_wconf 81' lang='lat' dir='ltr'><strong>integre,</strong></span> 
     </span>
     <span class='ocr_line' id='line_1_36' title="bbox 360 4385 1409 4473; baseline 0.005 -28"><span class='ocrx_word' id='word_1_270' title='bbox 360 4392 470 4461; x_wconf 85' lang='lat' dir='ltr'><strong>absquo</strong></span> <span class='ocrx_word' id='word_1_271' title='bbox 493 4388 788 4473; x_wconf 31' lang='lat' dir='ltr'><strong>omnilretinemento</strong></span> <span class='ocrx_word' id='word_1_272' title='bbox 805 4387 882 4457; x_wconf 85' lang='lat' dir='ltr'><strong>juris</strong></span> <span class='ocrx_word' id='word_1_273' title='bbox 902 4394 932 4442; x_wconf 94' lang='lat' dir='ltr'><strong>et</strong></span> <span class='ocrx_word' id='word_1_274' title='bbox 957 4385 1055 4440; x_wconf 86' lang='lat' dir='ltr'><strong>clamii</strong></span> <span class='ocrx_word' id='word_1_275' title='bbox 1079 4386 1116 4441; x_wconf 92' lang='lat' dir='ltr'><strong>ad</strong></span> <span class='ocrx_word' id='word_1_276' title='bbox 1140 4404 1193 4442; x_wconf 86' lang='lat' dir='ltr'><strong>nos</strong></span> <span class='ocrx_word' id='word_1_277' title='bbox 1221 4396 1253 4444; x_wconf 87' lang='lat' dir='ltr'><strong>et</strong></span> <span class='ocrx_word' id='word_1_278' title='bbox 1277 4391 1409 4450; x_wconf 69' lang='lat' dir='ltr'><strong>haeredes</strong></span> 
     </span>
    </p>
   </div>
   <div class='ocr_carea' id='block_1_10' title="bbox 1242 4554 1361 4563">
    <p class='ocr_par' dir='ltr' id='par_1_12' title="bbox 1242 4554 1361 4563">
     <span class='ocr_line' id='line_1_37' title="bbox 1242 4554 1361 4563; baseline 0.025 -3"><span class='ocrx_word' id='word_1_279' title='bbox 1242 4554 1332 4562; x_wconf 40' lang='lat'><strong>--—*</strong></span> <span class='ocrx_word' id='word_1_280' title='bbox 1351 4559 1361 4563; x_wconf 92' lang='lat'>-</span> 
     </span>
    </p>
   </div>
   <div class='ocr_carea' id='block_1_11' title="bbox 361 4660 1412 4810">
    <p class='ocr_par' dir='ltr' id='par_1_13' title="bbox 361 4660 1412 4810">
     <span class='ocr_line' id='line_1_38' title="bbox 393 4660 1412 4728; baseline 0.005 -16"><span class='ocrx_word' id='word_1_281' title='bbox 393 4665 400 4696; x_wconf 90' lang='lat'>¹</span> <span class='ocrx_word' id='word_1_282' title='bbox 412 4680 458 4712; x_wconf 76' lang='lat' dir='ltr'><strong>aaa</strong></span> <span class='ocrx_word' id='word_1_283' title='bbox 470 4664 492 4713; x_wconf 85' lang='lat' dir='ltr'><strong>is</strong></span> <span class='ocrx_word' id='word_1_284' title='bbox 503 4664 612 4714; x_wconf 83' lang='lat' dir='ltr'><strong>inserted</strong></span> <span class='ocrx_word' id='word_1_285' title='bbox 622 4665 649 4713; x_wconf 91' lang='lat' dir='ltr'><strong>in</strong></span> <span class='ocrx_word' id='word_1_286' title='bbox 659 4664 703 4713; x_wconf 85' lang='lat' dir='ltr'><strong>the</strong></span> <span class='ocrx_word' id='word_1_287' title='bbox 711 4662 769 4715; x_wconf 72' lang='lat' dir='ltr'><strong>its.</strong></span> <span class='ocrx_word' id='word_1_288' title='bbox 776 4662 862 4713; x_wconf 75' lang='lat' dir='ltr'><strong>before</strong></span> <span class='ocrx_word' id='word_1_289' title='bbox 937 4661 948 4691; x_wconf 83' lang='lat'><strong>²</strong></span> <span class='ocrx_word' id='word_1_290' title='bbox 963 4662 989 4709; x_wconf 77' lang='lat' dir='ltr'>A</span> <span class='ocrx_word' id='word_1_291' title='bbox 1001 4660 1142 4725; x_wconf 82' lang='lat' dir='ltr'><strong>repetition,</strong></span> <span class='ocrx_word' id='word_1_292' title='bbox 1152 4660 1213 4711; x_wconf 71' lang='lat' dir='ltr'><strong>with</strong></span> <span class='ocrx_word' id='word_1_293' title='bbox 1224 4665 1372 4728; x_wconf 72' lang='lat' dir='ltr'><strong>variatione,</strong></span> <span class='ocrx_word' id='word_1_294' title='bbox 1383 4670 1412 4719; x_wconf 76' lang='lat' dir='ltr'><strong>of</strong></span> 
     </span>
     <span class='ocr_line' id='line_1_39' title="bbox 361 4739 1344 4810; baseline 0.002 -17"><span class='ocrx_word' id='word_1_295' title='bbox 361 4759 422 4801; x_wconf 80' lang='lat' dir='ltr'><strong>neo,</strong></span> <span class='ocrx_word' id='word_1_296' title='bbox 433 4744 479 4795; x_wconf 87' lang='lat' dir='ltr'><strong>bnt</strong></span> <span class='ocrx_word' id='word_1_297' title='bbox 490 4743 552 4793; x_wconf 71' lang='lat' dir='ltr'><strong>nith</strong></span> <span class='ocrx_word' id='word_1_298' title='bbox 563 4743 606 4794; x_wconf 83' lang='lat' dir='ltr'><strong>the</strong></span> <span class='ocrx_word' id='word_1_299' title='bbox 616 4743 673 4808; x_wconf 81' lang='lat' dir='ltr'><strong>sign</strong></span> <span class='ocrx_word' id='word_1_300' title='bbox 685 4743 715 4792; x_wconf 80' lang='lat' dir='ltr'><strong>oi</strong></span> <span class='ocrx_word' id='word_1_301' title='bbox 722 4757 827 4793; x_wconf 83' lang='lat' dir='ltr'><strong>erasure.</strong></span> <span class='ocrx_word' id='word_1_302' title='bbox 905 4740 954 4792; x_wconf 80' lang='lat' dir='ltr'><strong>h&#39;o.</strong></span> <span class='ocrx_word' id='word_1_303' title='bbox 968 4739 1133 4792; x_wconf 49' lang='lat' dir='ltr'><strong>nccclilx,</strong></span> <span class='ocrx_word' id='word_1_304' title='bbox 1146 4744 1223 4803; x_wconf 76' lang='lat' dir='ltr'><strong>(ante.</strong></span> <span class='ocrx_word' id='word_1_305' title='bbox 1234 4759 1259 4808; x_wconf 84' lang='lat' dir='ltr'><strong>p.</strong></span> <span class='ocrx_word' id='word_1_306' title='bbox 1272 4749 1344 4810; x_wconf 76' lang='lat'><strong>27¹).</strong></span> 
     </span>
    </p>
   </div>
   <div class='ocr_carea' id='block_1_12' title="bbox 0 0 1614 5640">
    <p class='ocr_par' dir='ltr' id='par_1_14' title="bbox 0 0 1614 5640">
     <span class='ocr_line' id='line_1_40' title="bbox 0 0 1614 5640; baseline 0 1"><span class='ocrx_word' id='word_1_307' title='bbox 0 0 1614 5640; x_wconf 95' lang='lat' dir='ltr'><strong> </strong></span> 
     </span>
    </p>
   </div>
  </div>
 </body>
</html>
