3218 5640
363 749 427 814 290
652 762 901 812 enarummun
924 763 1134 819 norisium

361 945 464 993 rentur
491 937 589 992 rotuli.
636 938 744 992 Postea
774 943 956 1008 compertum
984 943 1030 991 est
1055 955 1108 1009 per
1135 937 1248 993 rotulos
1279 937 1415 1009 praedicti

361 1022 486 1085 itineris,
507 1021 585 1092 quod
603 1023 790 1092 recognitum
810 1023 867 1076 fuit
884 1039 938 1091 per
959 1022 1083 1076 assisam
1101 1022 1184 1092 prius
1202 1029 1318 1092 captam
1339 1023 1418 1093 quod

361 1106 519 1177 predictus
538 1105 626 1160 abbas
645 1105 845 1175 praedecessor
864 1105 997 1176 praedicti
1016 1104 1147 1160 abbatis¹
1167 1106 1271 1160 ultimo
1290 1124 1419 1176 praesen·

362 1189 437 1244 tevit
454 1189 490 1243 ad
515 1189 687 1260 praedictam
714 1188 869 1243 ecclesiam
896 1188 1069 1259 praedictum
1093 1189 1249 1260 AEgidium
1274 1190 1418 1245 clericum

362 1290 458 1336 suum,
479 1279 533 1326 etc.
571 1271 642 1326 Ideo
655 1271 870 1327 consideratum
890 1278 935 1326 cst
953 1272 1031 1342 quod
1049 1272 1207 1343 praedictus
1226 1273 1315 1327 abbas
1334 1291 1420 1328 recu·

361 1362 444 1428 peret
461 1356 714 1427 praesentationem
733 1373 816 1410 suam
835 1355 872 1408 ed
892 1354 1000 1410 dictam
1026 1356 1188 1420 ecclesiam,
1210 1363 1239 1416 et
1257 1356 1418 1428 predictus

336 1480 339 1484 -
362 1439 506 1495 Ricardus
525 1440 556 1493 in
580 1438 792 1493 misericordia.
831 1439 871 1493 Et
897 1439 1056 1509 praedictus
1082 1439 1170 1494 abbas
1195 1440 1303 1495 habeat
1327 1440 1419 1496 breve

362 1524 399 1578 ed
429 1524 598 1594 episcopum
628 1522 889 1586 Heresordensem,
923 1523 1002 1593 quod
1029 1542 1086 1577 non
1116 1524 1258 1588 obstante,
1291 1532 1348 1580 etc.
1380 1525 1419 1580 ed

362 1607 615 1679 praesentationem
651 1606 786 1676 praedicti
817 1606 931 1660 abbatis
971 1606 1008 1660 ad
1044 1607 1215 1679 predictam
1260 1607 1418 1664 ecclesiam

362 1691 496 1746 idoneam
513 1708 669 1761 personam
687 1690 832 1756 admittet,
853 1698 907 1744 etc.

393 1961 743 2029 DCCOLXXXVIII.
771 1961 990 2037 Scndbarete,
1014 1961 1140 2027 scilicet
1163 1961 1203 2025 dc
1224 1961 1384 2047 homepio

539 2063 711 2129 Hereberti
734 2063 762 2128 te
784 2062 885 2142 Buta,
912 2071 941 2128 et
964 2071 1053 2128 terre
1076 2071 1105 2129 ct
1125 2071 1232 2150 preto,

192 2237 261 2290 AD·
276 2245 337 2288 1263
397 2241 516 2297 Sciaut²
534 2248 693 2313 praesentes
712 2250 742 2296 et
761 2241 862 2307 futuri,
883 2243 961 2313 quod
986 2261 1042 2313 ego
1061 2243 1235 2315 Radulphus
1254 2243 1291 2296 de
1310 2243 1418 2298 Wilin·

191 2309 282 2356 ‘¹²⁸⁴·
360 2333 427 2381 tone
454 2326 532 2390 dedi,
562 2327 702 2390 concessi,
735 2333 765 2381 et
789 2326 844 2380 hac
869 2327 1008 2396 praesenti
1036 2332 1115 2381 carte
1140 2345 1204 2381 mea
1231 2316 1415 2392 confirmavi,

192 2452 286 2504 herste.

193 2385 323 2438 Osfflnd·
360 2408 432 2473 Deo,
453 2415 482 2464 et
501 2408 632 2463 ecclesiae
651 2409 735 2462 Beati
759 2409 841 2463 Petri
867 2409 1067 2473 Gloucestriae,
1090 2407 1280 2481 [Reginaldo]
1303 2410 1414 2474 abbati,

360 2499 390 2548 et
406 2493 557 2547 monachis
576 2492 686 2546 ibidem
705 2492 768 2546 Deo
787 2492 992 2557 servientibus,
1012 2493 1183 2562 homagium
1207 2499 1237 2546 et
1257 2495 1413 2550 servitium

261 2592 263 2596 ’
360 2575 518 2631 Hereberti
536 2576 564 2629 le
577 2575 658 2629 Buth
678 2572 733 2645 [et]
754 2575 906 2630 haeredum
919 2594 1048 2640 suorum,
1069 2594 1136 2630 cum
1149 2576 1266 2640 asardis,
1280 2577 1415 2643 releviis,

359 2660 491 2723 heristis,
519 2666 549 2713 et
574 2658 708 2713 omuibus
735 2659 958 2729 quibuscimque
984 2660 1128 2714 eschaetis
1155 2667 1186 2713 et
1214 2661 1416 2731 pertinentiis,

360 2761 425 2812 quae
452 2743 526 2797 mihi
545 2742 592 2796 vel
614 2740 781 2796 haeredibus
808 2742 881 2797 meis
906 2742 942 2795 de
966 2742 1106 2813 praedicto
1126 2742 1301 2806 Hereberto,
1321 2744 1415 2798 haerc·

357 2825 446 2890 dibus
472 2827 543 2890 suis,
564 2826 612 2879 vel
631 2831 796 2880 tenemento
816 2843 869 2880 suo
891 2826 990 2895 aliquo
1009 2825 1094 2880 modo
1113 2826 1245 2880 accidere
1263 2833 1412 2898 poterunt.

359 2908 434 2963 Dedi
454 2911 543 2964 etiam
561 2909 634 2972 Deo,
655 2915 685 2962 et
703 2908 835 2962 ecclesias
856 2907 954 2963 Sancti
973 2909 1054 2962 Petri
1075 2908 1275 2973 Glonoestrioe,
1290 2917 1321 2964 ct
1339 2928 1414 2981 prae·

359 2991 445 3047 dictis
473 2993 570 3046 abbati
598 2999 628 3046 et
655 2992 805 3046 monachis
832 2991 943 3046 ibidem
967 2992 1030 3047 Deo
1055 2993 1259 3055 servientibus,
1286 3001 1413 3065 quatuor

358 3093 439 3130 acras
459 3081 544 3130 terrae
572 3093 638 3129 cum
665 3076 850 3146 pertinentiis
877 3076 908 3129 in
933 3094 1035 3146 campo
1054 3077 1105 3145 qui
1122 3082 1244 3131 vocatur
1261 3076 1414 3132 Abbodes·

358 3157 460 3222 hulle,⁸
486 3159 617 3229 jacentes
649 3160 726 3212 inter
756 3166 865 3212 terram
896 3158 1030 3229 praedicti
1056 3159 1213 3213 Hereberti
1242 3166 1271 3213 et
1302 3166 1411 3215 terram

357 3242 478 3296 Roberti
498 3242 599 3298 Suffin.
639 3241 715 3296 Dedi
734 3243 822 3296 etiam
842 3249 872 3296 et
890 3243 1021 3297 concessi
1040 3242 1112 3306 Deo,
1131 3250 1161 3298 et
1179 3244 1314 3298 ecclesias
1326 3244 1412 3299 Beati

357 3327 439 3382 Petri
458 3326 659 3390 Gloucestriae‚
675 3333 704 3380 et
722 3327 871 3381 monachis
891 3326 1001 3380 ibidem
1013 3327 1076 3380 Deo
1095 3327 1303 3391 servientibus,
1322 3345 1412 3383 unam

356 3429 453 3466 acram
479 3411 557 3481 prati
580 3416 610 3464 et
633 3410 787 3465 dimidiam
816 3427 882 3464 cum
907 3411 1102 3481 pertinentiis,
1123 3411 1201 3480 quod
1229 3410 1311 3481 jacet
1334 3413 1412 3468 inter

356 3502 473 3565 pratum
491 3494 636 3549 dictorum
655 3493 768 3548 abbatis
793 3500 824 3548 et
848 3501 1007 3548 conventus
1026 3500 1056 3548 et
1074 3499 1191 3563 pratum
1209 3493 1343 3550 Matildis
1365 3495 1412 3551 La

357 3578 502 3633 Paumere
529 3579 560 3631 in
586 3576 659 3630 villa
689 3576 725 3630 de
761 3575 958 3642 Sondhurstc;
994 3576 1159 3630 habendum
1186 3583 1215 3630 et
1250 3578 1411 3633 tenendum

356 3660 443 3716 dictis
461 3661 560 3715 abbati
579 3666 609 3714 et
627 3659 783 3713 conventui
802 3665 951 3713 eteorum
973 3659 1202 3724 successoribus,
1222 3659 1254 3713 in
1273 3660 1409 3726 liberam,

355 3762 468 3816 puram,
499 3751 528 3798 et
554 3749 726 3815 perpetuam
753 3743 950 3805 elemosinam,
970 3743 1001 3796 in
1027 3751 1211 3813 perpetuum,
1236 3743 1267 3797 in
1294 3751 1411 3799 extenta

355 3828 479 3883 duarum
498 3845 663 3883 marcarum
691 3833 721 3880 et
745 3825 875 3880 dimidiae
902 3827 991 3880 annui
1016 3825 1148 3880 redditus
1174 3834 1247 3895 quas
1273 3828 1410 3898 praedicti

354 3912 442 3967 abbas
471 3920 501 3966 et
525 3917 685 3965 conventus
711 3908 844 3964 solebant
868 3916 898 3964 et
922 3909 1067 3964 debebant
1085 3910 1216 3979 recipere
1236 3909 1272 3963 de
1293 3929 1412 3966 camera

354 3995 504 4068 Radulphi
530 3996 566 4049 de
593 3993 765 4049 Willintcne
793 3994 886 4065 patris
914 3994 972 4047 mei
997 4000 1027 4048 et
1051 3992 1201 4047 haeredum
1227 4012 1349 4049 suorum
1379 3997 1411 4051 in
1440 4062 1445 4070 ,

353 4086 467 4152 partem
495 4079 626 4133 defectus
654 4077 873 4132 sustentationis
900 4077 1024 4131 duorum
1052 4077 1236 4131 sacerdotum
1261 4079 1412 4134 celebran-

354 4164 430 4218 tium
455 4163 555 4217 divina
580 4162 612 4215 in
637 4160 751 4232 capella
775 4161 874 4214 Beatae
893 4159 997 4213 Mariae
1021 4178 1074 4230 pro
1098 4160 1251 4215 animabus
1278 4167 1409 4218 anteces-

354 4265 453 4302 sorum
472 4264 602 4302 snorum.
629 4244 693 4314 Ego
712 4261 783 4297 vero
796 4243 969 4312 Radulphus
982 4251 1011 4297 et
1023 4243 1153 4297 haeredes
1166 4244 1224 4297 mei
1237 4245 1410 4317 homagium

892 4376 1076 4383 ..-——---.

387 4448 394 4478 ¹
412 4453 535 4510 recuperet
551 4443 761 4508 presentationem
783 4457 853 4489 suam
876 4445 879 4480 Ι
936 4443 946 4470 ²
963 4441 989 4489 A
1001 4440 1134 4503 repetition
1145 4439 1175 4488 of
1188 4439 1237 4490 No.
1249 4440 1409 4494 DCCXLII.

353 4525 388 4574 ed
397 4524 486 4574 dictam
494 4522 617 4572 ecclesium
625 4521 648 4571 ia
656 4520 765 4570 inserted
773 4519 800 4568 iu
810 4520 852 4567 the
905 4519 983 4581 (uate,
995 4535 1018 4582 p.
1035 4520 1104 4581 189).

352 4604 409 4654 MS.
421 4603 507 4653 before
518 4599 606 4662 altimo,
618 4602 663 4651 bat
674 4598 735 4648 with
745 4598 788 4648 the
796 4597 852 4662 sign
936 4597 1047 4646 'melius
1077 4599 1216 4661 inquiratur
1243 4598 1267 4649 ia
1296 4600 1409 4652 inserted

353 4681 383 4732 of
390 4695 496 4733 erasure
874 4662 880 4740 Ι
905 4676 1171 4742 hereinthemargin.
