3218 5640
353 751 416 814 214
641 757 890 808 clarummmr
913 757 1123 806 aroussrsnn

351 942 382 990 et
401 950 502 990 omnes
520 931 691 1004 praebendas
711 949 783 1000 quas
803 930 977 985 Fredericus
1003 928 1128 983 clericus
1147 926 1184 981 de
1203 925 1359 991 Bureford,
1380 931 1410 981 et

352 1019 497 1074 Robertus
511 1017 651 1072 Colemon
666 1015 702 1072 de
715 1015 900 1079 Pautesburi,
915 1020 945 1068 et
957 1013 1081 1068 Edriens
1094 1013 1239 1084 presbiter
1251 1010 1288 1066 de
1300 1010 1408 1065 Brum-

352 1103 422 1166 feld,
438 1109 468 1156 et
486 1103 632 1156 Robertus
644 1100 789 1172 presbiter
802 1099 838 1152 de
854 1099 988 1162 Feltuna‚
1002 1102 1032 1151 et
1044 1096 1095 1150 alii
1107 1097 1239 1151 canonici
1250 1101 1410 1151 tenuerunt

352 1187 383 1240 in
407 1185 713 1240 Bromfeldebernesse
731 1189 861 1252 tempore
880 1181 1003 1236 Henrici
1020 1181 1101 1250 regis
1120 1180 1169 1234 avi
1186 1179 1255 1243 mei,
1275 1179 1325 1234 vel
1342 1195 1410 1234 meo

353 1277 493 1340 tempore,
516 1269 630 1322 scilicet
647 1284 747 1321 omnes
772 1273 865 1320 terras
891 1272 919 1319 et
944 1266 1030 1318 villas
1058 1264 1094 1318 de
1120 1263 1296 1324 Haverford,
1317 1268 1346 1316 et
1372 1263 1409 1316 de

353 1353 555 1423 Dedinghopn,
576 1350 661 1406 etde
682 1350 790 1413 Efford,
812 1357 841 1403 et
868 1350 903 1403 de
924 1349 1057 1412 Feltuna‚
1078 1353 1107 1402 et
1134 1347 1170 1401 de
1197 1346 1358 1410 Burhheia,
1378 1353 1409 1400 et

354 1436 389 1489 de
408 1435 572 1499 Ledewich,
593 1440 622 1488 ct
639 1440 700 1488 tres
719 1433 890 1504 praebendas
908 1433 939 1485 in
957 1431 1120 1495 Bromfeld
1141 1438 1171 1485 et
1188 1435 1249 1484 tres
1268 1431 1299 1483 in
1316 1430 1409 1484 Halh·

353 1526 434 1583 tune,
461 1518 658 1573 salvatamen
679 1523 785 1571 tenura
814 1516 1022 1586 praedictorum
1046 1515 1249 1570 canonicorum
1268 1514 1409 1584 quamdiu

354 1603 490 1658 vixerint.
530 1602 586 1669 Qui
605 1619 703 1655 omnes
724 1602 777 1655 bas
798 1601 1022 1670 praenominatas
1040 1605 1133 1654 terras
1153 1604 1182 1653 et
1201 1598 1289 1652 villas
1307 1605 1408 1652 tenue·

353 1693 424 1741 runt
450 1687 481 1740 in
507 1686 695 1739 elemosinam
714 1685 749 1738 de
768 1685 909 1756 praedicta
933 1684 1045 1754 capella
1069 1701 1143 1737 mea.
1188 1682 1260 1737 Post
1283 1688 1410 1737 mortem

354 1776 453 1825 autem
472 1770 592 1823 illorum
610 1769 702 1823 libere
721 1774 750 1823 et
775 1769 872 1839 quiete
890 1769 926 1822 ab
951 1767 1086 1822 omnibus
1106 1767 1297 1822 saeenlaribus
1317 1767 1409 1821 servi-

355 1855 405 1909 tiis
420 1860 450 1910 et
468 1854 666 1908 exactionibus
686 1859 716 1906 et
734 1853 843 1922 absque
863 1853 1091 1907 contradictione
1108 1853 1200 1906 ullius
1219 1852 1257 1906 ad
1274 1852 1410 1923 proprios

355 1956 426 1993 usus
445 1944 474 1992 et
492 1937 654 1991 dominium
672 1937 820 2008 praedictae
833 1938 955 2006 capellae
973 1955 1046 1991 meae
1065 1942 1095 1991 et
1112 1938 1236 1991 fratrum
1255 1937 1338 1991 illius
1354 1936 1411 1991 loei

354 2028 548 2084 revertantur,
565 2039 631 2075 eum
650 2021 784 2074 omnibns
802 2020 997 2084 libertatibus,
1018 2026 1049 2074 et
1067 2021 1245 2090 quietantiis,
1260 2025 1292 2074 et
1308 2021 1412 2075 liberis

357 2104 625 2168 consuetudinibus,
654 2111 684 2158 et
710 2105 801 2174 regiis
828 2105 1031 2173 dignitatibus.
1070 2104 1110 2158 Et
1134 2105 1201 2158 volo
1227 2110 1260 2158 et
1287 2103 1412 2159 firmiter

356 2189 494 2261 praecipio
512 2195 546 2242 ut
564 2188 735 2242 custodiatis
749 2193 779 2242 et
790 2189 1003 2242 manuteneatis
1022 2193 1052 2241 et
1069 2187 1231 2258 protegatis
1249 2204 1352 2242 omnes
1364 2205 1412 2242 res

361 2280 391 2327 et
408 2273 606 2344 possessiones
632 2289 699 2326 suas
719 2271 795 2326 sieut
812 2289 892 2326 meas
912 2272 1070 2325 dominicas
1097 2276 1126 2325 et
1150 2272 1285 2341 proprias
1304 2288 1353 2326 res
1372 2272 1414 2326 ite

361 2357 435 2410 bene
455 2365 485 2411 et
497 2357 527 2409 in
545 2373 626 2426 paee,
640 2362 674 2409 ut
691 2356 801 2409 nemini
813 2373 866 2426 per
884 2355 978 2408 ullum
996 2355 1085 2408 breve
1096 2355 1293 2425 respondeant
1304 2354 1340 2409 de
1354 2355 1416 2410 ulla

358 2447 438 2494 terra
462 2458 549 2511 quarn
578 2446 704 2503 teneant,
724 2439 772 2494 vel
800 2439 907 2509 aliquis
935 2457 988 2509 per
1014 2455 1073 2502 eos,
1092 2456 1146 2492 nec
1174 2438 1346 2493 ullomodo
1363 2456 1413 2510 po·

360 2528 468 2578 uantur
486 2525 518 2576 in
535 2523 676 2594 placitum
694 2523 730 2576 de
748 2527 914 2577 tenemento
927 2523 1003 2576 unde
1022 2523 1149 2577 habeant
1160 2523 1412 2578 confirmationem

361 2613 450 2662 cartae
469 2624 541 2659 mem
559 2606 608 2660 vel
626 2611 713 2660 cartoe
732 2607 854 2660 Henrici
872 2607 953 2676 regis
979 2606 1025 2660 avi
1044 2607 1112 2660 mei.
1150 2606 1189 2660 Et
1215 2607 1359 2678 prohibeo
1376 2622 1412 2660 ne

359 2691 439 2745 ullus
457 2691 563 2744 habeat
581 2691 813 2744 communionem
834 2691 864 2743 in
889 2691 1057 2744 nemoribus
1076 2690 1147 2754 suis,
1168 2707 1222 2745 neo
1249 2693 1281 2744 in
1299 2691 1411 2762 gravis,

362 2790 416 2827 nec
442 2774 473 2827 in
500 2773 673 2837 m01·is,nec
705 2775 735 2826 in
754 2773 913 2843 herbagiis,
934 2791 986 2827 nec
1013 2773 1043 2827 in
1070 2774 1172 2844 pratis,
1193 2791 1248 2828 neo
1266 2774 1297 2827 in
1315 2775 1411 2846 aquis,

358 2873 411 2910 nec
430 2856 460 2909 in
479 2857 608 2922 pasturis
627 2857 697 2920 suis,
718 2873 771 2911 nee
789 2875 914 2926 usquam
938 2857 968 2910 in
992 2861 1053 2910 tota
1069 2863 1159 2925 ‚terra
1176 2875 1239 2921 sua,
1259 2874 1314 2912 nee
1332 2857 1414 2913 nllus

361 2940 392 2992 in
409 2939 456 2993 his
475 2939 624 3008 praedictis
648 2940 760 3008 aliquid
788 2941 884 3010 capiat
908 2958 961 2993 nee
986 2940 1055 2992 iude
1081 2957 1112 2994 se
1138 2940 1324 3005 intromittet,
1354 2942 1413 2997 nisi

363 3022 482 3077 lieentia
500 3040 609 3076 eorum.

394 3105 528 3159 Testibus
549 3106 665 3159 Hilario
685 3106 862 3162 Oieestrensi
882 3107 1026 3177 episeopo,
1047 3105 1189 3160 Reinalde
1208 3109 1316 3163 comite
1340 3109 1411 3165 Gor·

358 3189 464 3253 nubite,
485 3188 634 3243 Willelmo
659 3190 765 3244 comite
785 3190 983 3254 Gloeeestriae,
1005 3189 1131 3244 Ricardo
1155 3190 1191 3244 de
1210 3191 1330 3247 Humea
1346 3210 1414 3248 eon·

361 3273 520 3327 stabulario
539 3272 617 3342 apud
635 3272 823 3326 Londouiam.

393 3355 578 3426 Inspeximus
598 3357 686 3410 etiam
706 3363 817 3410 cartam
836 3356 968 3426 ejusdem
981 3357 1104 3411 Henriei
1118 3355 1243 3429 [regis]¹
1257 3359 1305 3413 avi
1319 3360 1416 3416 nostri

361 3440 392 3493 in
414 3441 478 3494 haee
496 3441 640 3494 verba:—

393 3524 550 3587 Henricns,
572 3524 626 3577 Dei
646 3525 742 3595 gratia
760 3543 810 3578 rex
828 3524 955 3595 buglis,
977 3525 1035 3578 dux
1053 3525 1241 3580 Normanniae
1266 3533 1296 3583 et
1319 3528 1417 3600 Aqui·

358 3608 454 3672 tanim,
475 3614 504 3661 et
522 3625 618 3662 eomes
637 3609 826 3679 Andegaviae‚
851 3610 1036 3678 justiciariis,
1057 3611 1288 3675 vicecomitibus,
1309 3613 1415 3668 minis-

358 3691 423 3754 tris,
444 3697 474 3744 et
492 3691 626 3745 omnibus
645 3691 779 3745 fidelibus
799 3694 871 3755 suis,
892 3693 1012 3746 Francis
1032 3698 1061 3747 et
1078 3693 1222 3762 Angliois‚
1244 3695 1382 3750 salutem.

394 3774 538 3844 Praecipio
558 3774 636 3844 quod
660 3775 741 3845 prior
766 3781 796 3828 et
823 3777 955 3830 monachi
984 3776 1019 3830 de
1047 3777 1215 3831 Bromfelde
1243 3784 1274 3833 et
1299 3780 1417 3851 proprii

358 3859 490 3912 homines
510 3876 611 3912 eorum
630 3859 689 3913 sint
707 3859 799 3929 quieti
819 3865 849 3912 et
865 3860 952 3914 liberi
971 3861 1137 3930 ubicunque
1155 3862 1418 3919 transfretaverint

358 3943 406 3996 vel
433 3942 542 3996 fuerint
568 3960 621 4012 per
647 3949 738 3997 totam
765 3948 875 3997 terram
902 3944 1007 4008 meant,
1027 3946 1058 3997 in
1076 3945 1141 3999 vieo
1165 3950 1196 3998 et
1221 3946 1252 3999 in
1279 3947 1362 4012 villa,
1383 3949 1418 4002 in

359 4032 438 4080 terra
457 4032 487 4079 et
503 4027 535 4079 in
553 4044 638 4097 aqua,
659 4027 690 4080 in
708 4028 783 4080 meri
808 4029 885 4081 etin
903 4035 999 4098 portu,
1020 4034 1050 4082 et
1067 4029 1163 4082 vietus
1189 4036 1219 4083 et
1244 4031 1417 4086 corrodium

358 4116 389 4164 et
405 4127 453 4164 res
472 4110 638 4180 ubieunque
664 4111 788 4164 emerint
805 4111 854 4165 vel
871 4112 1056 4166 vendiderint
1075 4112 1112 4165 ad
1129 4132 1202 4183 opus
1230 4131 1319 4168 suum
1347 4133 1418 4187 pro·

358 4194 457 4265 prium
476 4194 512 4247 ab
530 4195 609 4247 omni
628 4194 846 4258 consuetudine,
867 4201 897 4248 et
915 4196 1058 4259 theloneo,
1072 4201 1103 4249 et
1120 4196 1270 4267 pasnagio,
1284 4204 1317 4252 et
1336 4217 1419 4255 sum-

360 4278 467 4347 magi0‚
487 4283 517 4331 et
535 4279 677 4346 barregio,
698 4285 729 4332 et
753 4278 907 4342 conductu,
931 4285 961 4333 et
989 4281 1135 4350 passagio,
1158 4285 1188 4334 et
1205 4282 1358 4352 pontagio,
1385 4289 1419 4339 et

358 4361 493 4415 omnibus
518 4362 732 4432 operationibus
759 4364 842 4417 meis.
872 4363 911 4416 Et
936 4363 1003 4418 volo
1030 4369 1064 4418 ut
1088 4364 1215 4419 habeant
1238 4371 1268 4420 et
1293 4371 1420 4424 teneant

358 4444 456 4498 omnia
472 4450 637 4500 tenementa
655 4447 860 4502 ecelesiaesura
879 4447 1016 4501 inbosco
1041 4453 1071 4501 et
1089 4448 1121 4502 in
1144 4449 1240 4518 plano,
1260 4449 1292 4502 in
1312 4452 1419 4521 gravis

686 4701 693 4730 ¹
711 4700 787 4766 repis]
808 4700 926 4765 supplied
937 4701 1002 4750 from
1012 4701 1077 4753 lloll.
