3218 5640
356 767 398 831 50
645 774 893 833 centustatus
916 774 1126 829 MONASTERII

358 960 466 1016 dictam
484 958 637 1015 ecclesiam
657 956 757 1013 Sancti
776 955 902 1012 Gundlei
920 956 957 1011 de
984 955 1069 1012 Novo
1096 955 1197 1026 Burgo
1223 953 1286 1010 sive
1312 957 1409 1008 morte

358 1062 413 1101 sua
429 1044 492 1114 sipe
510 1048 611 1115 sponte
629 1042 791 1114 reliquerit,
812 1042 877 1114 ipsa
894 1042 1019 1097 ecclesia
1035 1041 1132 1096 abbati
1151 1046 1240 1111 atquo
1257 1038 1408 1094 monachis

358 1133 508 1187 remaneat
525 1127 625 1200 quieta
642 1133 673 1186 ot
689 1127 784 1184 libera
800 1126 837 1183 ad
855 1126 1021 1183 faciendum
1038 1125 1107 1182 indo
1124 1142 1225 1181 eorum
1243 1123 1328 1181 velle.

732 1437 824 1504 DVI.
847 1438 896 1504 Dc
917 1438 1038 1504 codem

192 1617 262 1671 AD·
277 1621 349 1672 1072.
395 1625 570 1698 Morgauus¹
589 1625 668 1684 filius
680 1626 817 1699 Morgaui
829 1627 965 1684 omuibus
982 1627 1085 1684 amicis
1103 1627 1165 1684 suis
1183 1631 1214 1683 et
1231 1625 1409 1691 hominibus,

193 1692 284 1738 '¹¹⁰4
360 1709 492 1776 Francis,
511 1711 656 1782 Anglicis‚
676 1711 920 1777 etWalensibus,
942 1713 1075 1768 salutem.

194 1769 232 1820 of
238 1770 282 1821 the

192 1851 260 1890 dame

396 1794 500 1851 Sciatis
519 1796 597 1867 quod
615 1814 671 1867 ego
688 1798 818 1852 concessi
837 1796 968 1853 ecelesias
987 1796 1086 1854 Sancti
1099 1796 1226 1852 Gundlei
1238 1804 1268 1851 et
1279 1795 1411 1851 eeclesia

360 1880 460 1936 Sancti
489 1881 572 1936 Petri
602 1882 638 1937 de
669 1881 861 1947 Gloucestria‚
881 1901 934 1955 pro
959 1883 1056 1937 anima
1078 1883 1170 1955 patris
1194 1883 1253 1937 mei
1278 1886 1308 1936 et
1331 1887 1411 1935 aute·

359 1983 509 2021 cessorum
526 1984 667 2031 meorum,
683 1972 712 2022 et
723 1985 776 2038 pro
789 1968 883 2023 salute
895 1968 1000 2022 animae
1017 1986 1099 2032 mere,
1115 1973 1144 2022 et
1161 1985 1214 2039 pro
1226 1966 1410 2022 fraternitate

359 2050 491 2106 ecclesias
513 2050 613 2106 Sancti
633 2051 713 2105 Petri
733 2053 770 2106 de
792 2050 984 2114 Gloucestria‚
999 2052 1193 2123 quadraginta
1216 2069 1298 2106 acras
1322 2056 1411 2106 terras

359 2153 431 2190 meae
456 2134 486 2189 in
510 2153 592 2191 mora
604 2134 794 2208 Goldolyviae,
814 2136 952 2192 videlicet
972 2137 1080 2208 viginti
1104 2155 1187 2193 acras
1205 2137 1284 2208 apud
1301 2135 1410 2191 Pillam

361 2219 468 2291 Sigille
496 2224 526 2274 et
551 2220 658 2292 viginti
686 2238 767 2277 acras
791 2221 876 2292 juxta
902 2226 1019 2293 pontem
1046 2221 1125 2277 Novi
1150 2222 1247 2292 Burgi
1270 2224 1300 2274 et
1323 2221 1411 2291 juxta

360 2306 456 2378 ripam
490 2304 585 2371 Uscae,
624 2306 654 2360 in
683 2310 856 2378 perpetuam
886 2307 1084 2372 elemosinam,
1118 2325 1189 2378 quas
1218 2312 1302 2377 patcr
1326 2324 1412 2360 meus

361 2389 493 2444 ecclesiae
513 2388 613 2445 Sancti
638 2389 764 2445 Gundlei
788 2390 879 2447 dedit.
923 2391 963 2446 Et
989 2398 1022 2447 ut
1048 2391 1165 2447 donatio
1183 2409 1248 2446 mea
1265 2397 1297 2445 et
1318 2391 1412 2461 patris

362 2474 420 2528 mei
439 2480 503 2530 rata
521 2481 551 2530 et
568 2475 782 2545 irrefragabilis
800 2481 978 2547 perseveret,
999 2476 1182 2530 donationem
1199 2475 1292 2546 patris
1304 2475 1363 2529 mei
1381 2480 1413 2528 et

362 2575 457 2614 meam
475 2565 556 2615 carta
573 2577 640 2616 mea
657 2566 687 2615 et
705 2560 804 2630 sigillo
816 2578 882 2615 meo
900 2561 1044 2633 impressa
1061 2560 1238 2625 confirmavi,
1258 2566 1313 2614 oto.

718 2859 832 2925 DVII.
862 2860 912 2926 Dc
934 2859 1052 2928 eodem.

397 3041 440 3098 M.
462 3041 612 3099 comitissa
637 3040 838 3108 Glaucestrioe,
867 3048 897 3097 et
922 3041 1090 3099 Willelmus
1108 3058 1205 3099 comes
1231 3042 1309 3099 filius
1336 3043 1412 3114 ejas,

361 3127 512 3185 Willelmo
530 3127 590 3183 filio
609 3127 750 3199 Stephani
768 3127 982 3183 constabulario
1006 3145 1068 3193 suo,
1088 3133 1118 3183 et
1135 3128 1269 3183 omnibus
1287 3128 1412 3183 homini·

360 3213 417 3269 bas
435 3212 508 3278 suis,
527 3218 588 3268 tam
606 3213 742 3284 Anglicis
770 3231 857 3286 quam
875 3212 1062 3270 walensibus
1085 3212 1122 3269 de
1141 3211 1249 3269 Sancto
1267 3211 1412 3279 Gundleo,

361 3297 488 3354 salutem
504 3297 536 3353 in
554 3298 689 3353 Domino.

398 3381 505 3439 Sciatis
533 3400 586 3439 nos
616 3381 804 3447 concessisse,
835 3380 960 3446 dedisse,
992 3387 1023 3437 et
1056 3381 1111 3437 hac
1158 3381 1295 3453 presenti
1332 3389 1415 3439 carta

360 3473 462 3523 nostra
486 3467 682 3532 confirmasse,
702 3484 756 3539 pro
774 3465 869 3522 salute
897 3466 1060 3521 animarum
1084 3470 1260 3531 nostrarum,
1280 3467 1413 3523 ecclesias

360 3550 397 3607 ds
416 3550 523 3608 Sancto
542 3550 676 3607 Gundleo
694 3555 785 3607 totam
803 3550 948 3606 decimam
962 3550 1142 3606 vivariorum
1160 3557 1327 3606 nostrorum
1346 3569 1413 3624 quae

361 3642 430 3692 sunt
446 3636 525 3691 inter
541 3635 650 3691 Uscam
668 3641 699 3692 et
716 3636 802 3691 Ebot.
841 3634 986 3691 Similiter
1003 3634 1209 3691 confirmamus
1227 3635 1414 3692 donatiouem

361 3720 440 3776 villa
458 3720 495 3776 de
513 3719 643 3791 Treigos,
663 3726 694 3775 et
717 3719 850 3775 ecclesias
874 3718 910 3774 de
929 3719 1110 3784 Lankarvan,
1130 3725 1161 3774 et
1178 3727 1264 3775 terrae
1283 3720 1320 3775 do
1337 3720 1414 3775 Pon·

360 3822 430 3868 nun,
451 3821 540 3876 quam
558 3805 691 3860 fecerunt
707 3803 937 3876 predecessores
955 3804 1057 3869 nostri,
1070 3821 1125 3876 pro
1141 3804 1235 3860 salute
1248 3805 1413 3860 animarum

360 3907 489 3954 suarum,
509 3888 766 3961 predecessorum,
781 3894 870 3962 atque
881 3906 1082 3947 successorum
1095 3905 1224 3956 suorum,
1237 3891 1414 3947 monasterio

362 3973 462 4030 Sancti
479 3974 562 4030 Petri
581 3973 781 4030 Glaucestriae.

396 4283 402 4312 ¹
420 4282 451 4331 In
475 4283 517 4332 the
541 4284 658 4333 calendar
680 4279 710 4332 ol
731 4283 863 4333 donatione
883 4285 885 4341 !
909 4284 1002 4335 Sorlo's
1025 4287 1129 4350 abbacy.
1164 4287 1177 4335 l
1199 4286 1265 4336 hare
1287 4286 1412 4337 therefore

361 4364 439 4425 (anu,
451 4363 499 4411 vol.
512 4363 529 4412 i.
548 4379 571 4426 p.
592 4366 660 4428 102),
680 4365 731 4413 this
750 4369 823 4429 grant
841 4364 862 4412 is
882 4396 885 4419 ,
908 4366 1014 4428 adopted
1025 4365 1079 4415 that
1090 4366 1176 4428 period
1193 4381 1220 4415 as
1231 4367 1275 4417 the
1285 4366 1411 4433 marginal

362 4441 416 4492 said
439 4446 464 4491 to
490 4440 555 4491 hare
580 4443 641 4492 been
670 4444 742 4492 made
770 4424 885 4511 during!
908 4444 973 4494 date.
