3218 5640
365 795 428 861 196
654 811 900 862 CARTULARIUM
921 814 1135 865 nonnsraan

688 1088 864 1155 DCOLIV.
888 1089 937 1154 De
961 1090 1081 1156 eodem.

400 1245 517 1304 Sciant¹
540 1252 698 1318 praesentes
717 1251 746 1301 et
764 1248 866 1312 futuri,
887 1248 965 1318 quod
983 1265 1040 1319 ego
1058 1248 1216 1314 Heuricus,
1238 1249 1293 1304 Dei
1313 1252 1415 1322 gratia

263 1366 270 1379 ·
363 1332 451 1386 abbas
490 1338 520 1386 et
557 1336 715 1385 conventus
751 1330 851 1385 Sancti
886 1332 968 1385 Petri
999 1332 1201 1397 Gloucestriae,
1232 1332 1411 1390 tradidimus

362 1414 487 1470 Ricardo
514 1414 574 1468 filio
599 1414 718 1476 Ernisii,
739 1419 769 1467 et
786 1413 921 1468 Mabiliae
947 1415 1029 1468 uxori
1055 1433 1125 1479 eum,
1146 1417 1275 1486 quinque
1302 1416 1414 1484 seldas,

361 1499 427 1554 illas
447 1517 511 1568 quaa
530 1503 597 1552 sunt
615 1503 715 1551 contra
733 1497 852 1550 domum
876 1503 1007 1552 nostram
1024 1497 1179 1568 lapideam,
1196 1500 1282 1569 juxte
1299 1505 1413 1556 terram

361 1581 480 1637 Ricardi
498 1581 552 1635 filii
570 1580 711 1635 Willelmi
729 1580 760 1633 iu
780 1580 906 1645 Sueria;
932 1581 1071 1635 tenendas
1096 1580 1132 1634 de
1155 1582 1248 1645 nobis,
1270 1583 1412 1652 quamdiu

361 1671 484 1735 uterque
513 1665 561 1719 vel
592 1664 666 1718 alter
696 1681 796 1717 eorum
829 1664 946 1727 vixerit,
978 1681 1031 1734 pro
1068 1663 1195 1734 quinque
1232 1666 1335 1720 solidis
1371 1666 1411 1722 ad

360 1748 503 1818 hokeday,
517 1754 547 1802 et
564 1747 630 1801 aliis
649 1747 777 1817 quinque
797 1746 899 1801 solidis
918 1764 971 1817 pro
989 1765 1047 1800 una
1064 1746 1141 1800 libra
1158 1765 1232 1801 oerae
1245 1747 1283 1802 ad
1300 1749 1412 1804 festum

362 1831 461 1887 Sancti
482 1830 634 1886 Michaelis
653 1830 736 1883 nobis
756 1830 907 1884 annuatim
926 1828 1082 1884 solvendis.
1121 1829 1198 1883 Item
1210 1833 1412 1887 concessimus

361 1915 470 1969 eisdem
489 1914 616 1968 Ricardo
643 1918 673 1967 et
698 1912 828 1966 Mabiliae
849 1919 973 1983 quatuor
1000 1911 1108 1967 solidos
1136 1911 1208 1967 duos
1226 1914 1361 1970 denarios
1381 1920 1412 1969 et

361 1997 487 2061 obolum,
508 2003 538 2051 et
555 2002 679 2067 quatuor
697 2014 821 2066 capones
840 1997 1041 2066 percipiendos
1061 1996 1201 2066 quamdiu
1218 2003 1343 2068 uterque
1360 1998 1412 2053 vel

360 2081 434 2136 alter
452 2080 576 2144 vixerit;
603 2079 741 2134 videlicet
759 2080 834 2134 duos
856 2079 964 2134 solidos
983 2085 1013 2133 et
1027 2084 1088 2133 tres
1106 2079 1205 2133 obolos
1224 2079 1260 2134 de
1279 2081 1410 2138 Waltero

360 2163 523 2228 Pentrarim
551 2169 581 2217 et
610 2164 683 2217 duos
710 2180 835 2233 capones
863 2168 892 2218 et
919 2163 991 2216 alios
1020 2162 1093 2217 dnos
1119 2162 1229 2218 solidos
1248 2163 1296 2218 et'
1313 2160 1408 2220 unum

360 2246 530 2311 denarium
552 2252 581 2301 et
600 2247 673 2300 duos
692 2264 814 2316 capones
835 2247 870 2300 de
889 2246 1038 2301 Willelmo
1057 2245 1103 2300 del
1123 2246 1207 2301 Broc.
1246 2247 1322 2302 Item
1340 2267 1409 2304 oon·

359 2330 501 2384 cessimus
520 2329 630 2383 eisdem
650 2328 776 2383 Ricardo
795 2335 825 2384 et
843 2329 973 2383 Mabiliae
992 2327 1093 2382 docem
1112 2329 1246 2384 denarios
1266 2333 1410 2402 quamdiu

359 2419 483 2483 uterque
503 2413 650 2467 velalter
677 2430 777 2466 eorum
796 2413 913 2476 vixerit,
933 2411 1136 2483 percipiendos
1162 2413 1199 2466 de
1222 2419 1301 2468 terra
1319 2433 1410 2485 qnam

360 2496 506 2551 Robertus
524 2496 630 2551 tinctor
648 2502 735 2551 tenet.
774 2496 846 2551 Post
864 2496 976 2550 obitum
994 2501 1092 2550 autem
1110 2513 1213 2550 eorum
1229 2497 1291 2552 haeo
1310 2499 1412 2554 omnia

360 2579 527 2651 supradicta
545 2579 582 2633 ad
600 2597 651 2633 uos
678 2584 707 2634 et
732 2578 770 2633 ad
795 2579 949 2634 ecclesiam
975 2584 1114 2643 nostram,
1133 2579 1225 2633 libere
1243 2586 1274 2634 et
1290 2581 1410 2652 integre

360 2664 422 2718 sine
440 2662 657 2732 impedimento,
671 2662 719 2716 vel
737 2662 941 2717 reclamatione
960 2661 1096 2730 alicujus,
1107 2667 1299 2718 revertentur.
1331 2665 1408 2720 Con·

360 2747 502 2801 cessimus
520 2745 606 2799 etiam
626 2746 775 2816 praedictis
788 2744 914 2799 Ricardo
933 2749 963 2800 et
980 2744 1118 2809 Mobiliae,
1133 2747 1264 2802 caritatis
1282 2748 1407 2816 iutuitu,

360 2828 485 2897 singulis
517 2827 629 2893 diebus,
662 2827 802 2898 quamdin
831 2834 956 2898 uterque
986 2828 1034 2882 vel
1062 2829 1136 2882 alter
1161 2847 1262 2884 eorum
1288 2831 1408 2899 vixerit,

358 2929 450 2965 unum
468 2928 573 2980 panem
590 2912 724 2966 monachi
737 2916 767 2964 et
778 2929 869 2965 unum
884 2911 1019 2981 galonem
1037 2912 1072 2966 de
1091 2912 1217 2968 cervisia
1234 2922 1408 2983 conventus,

358 2999 388 3048 et
404 3012 496 3048 unum
513 2994 658 3048 ferculum
676 2995 711 3048 de
731 2995 862 3065 generali
880 3001 1049 3049 conventus.

393 3077 429 3131 Iu
447 3077 531 3147 cujus
543 3079 588 3131 rei
607 3078 806 3132 testimonium
824 3096 953 3149 praeseus
973 3079 1115 3149 scriptum
1132 3080 1164 3133 iu
1181 3081 1301 3135 modum
1320 3100 1405 3152 cyroo

356 3161 463 3232 graphi
482 3161 669 3225 confecimus,
683 3163 767 3232 cujus
786 3160 891 3215 unam³
908 3168 1022 3232 partem
1041 3162 1140 3232 sigillo
1153 3164 1283 3219 ecclesiae
1295 3174 1407 3223 nostrae

355 3245 497 3299 munitam
516 3245 558 3299 eis
576 3246 761 3310 tradidimus,
775 3245 896 3299 alteram
908 3263 977 3300 vcro
991 3255 1105 3316 partem
1117 3247 1225 3317 sigillis
1243 3249 1406 3304 eorundem

355 3328 476 3384 Ricardi
494 3334 524 3383 et
541 3328 671 3383 Mabiliae
689 3328 842 3392 munitam,
861 3347 951 3399 penes
970 3347 1021 3384 uos
1039 3330 1223 3386 retinuimus.

665 3596 823 3663 DCCLV.
845 3598 896 3663 De
912 3597 1095 3683 bormias.

391 3765 492 3821 Sciant
508 3773 667 3837 praesentes
686 3773 716 3821 et
733 3768 834 3831 futuri,
849 3768 926 3838 qnod
944 3785 1000 3838 ego
1018 3768 1162 3823 Ricardus
1180 3768 1317 3839 Burgeys
1336 3786 1406 3825 oon·

353 3850 430 3905 cessi
447 3857 556 3905 terram
574 3869 679 3916 meam,
700 3868 787 3920 quum
806 3851 952 3905 Ernaldus
971 3852 1122 3922 Kachepol
1145 3852 1249 3915 tenuit,
1269 3851 1405 3910 Waltero

352 3934 413 3988 filio
432 3953 502 3999 su03
523 3935 678 3989 tenendam
697 3933 733 3988 de
752 3952 798 3988 me
818 3940 847 3988 et
864 3934 1030 3989 haeredibus
1050 3935 1133 3999 meis,
1155 3935 1211 3989 sibi
1230 3941 1260 3989 et
1277 3936 1404 3992 haeredi·

351 4016 407 4072 bus
426 4019 497 4081 suis,
517 4019 560 4072 ita
577 4019 670 4073 libere
689 4023 718 4071 et
736 4019 846 4088 quiete,
867 4026 901 4072 ut
927 4024 1010 4088 pater
1038 4036 1109 4072 suus
1135 4035 1266 4087 unquam
1293 4020 1403 4077 melius

351 4102 447 4155 tenuit
463 4120 516 4172 per
533 4101 698 4156 reddendos
716 4102 790 4155 mihi
803 4108 832 4157 et
844 4101 1010 4155 haeredibus
1023 4103 1096 4156 meis
1109 4102 1256 4155 annuatim
1276 4107 1405 4172 quatuor

351 4184 460 4239 solidos
486 4190 516 4239 et
543 4203 593 4239 sex
621 4184 755 4239 denarios
784 4184 896 4239 duobus
925 4185 1038 4239 scilicet
1062 4184 1196 4238 torminis
1222 4185 1300 4248 anni,
1327 4184 1403 4242 duos

351 4267 459 4323 solidos
478 4274 509 4322 et
525 4274 586 4323 tres
604 4268 740 4323 denarios
753 4268 791 4322 ad
806 4268 945 4323 Sanctum
958 4266 1133 4332 Oswaldum,
1149 4272 1179 4321 et
1197 4266 1270 4322 duos
1289 4268 1403 4325 solidos

350 4357 411 4406 tres
430 4352 564 4406 denarios
583 4352 621 4406 ad
638 4352 883 4406 Purificationem.

382 4575 389 4605 ¹
408 4572 434 4622 A
446 4573 585 4636 repetition,
594 4573 655 4623 with
668 4574 850 4635 sanationem
895 4576 980 4624 before
991 4591 1071 4635 unum,
1089 4576 1134 4624 but
1154 4575 1214 4625 with
1234 4575 1276 4624 the
1296 4575 1353 4640 sign
1371 4575 1405 4629 of

347 4652 397 4703 No.
408 4653 505 4702 LXXI.
518 4654 594 4715 (ante,
605 4653 655 4702 vol.
666 4653 683 4703 i.
695 4669 719 4717 p.
734 4656 801 4718 186).
896 4669 1001 4705 erasure.

381 4730 503 4781 ’tresob'
521 4730 542 4782 is
559 4732 667 4782 inserted
682 4731 710 4781 in
729 4733 772 4783 the
788 4732 845 4784 MS.
929 4733 1041 4799 'anom]
1061 4733 1171 4795 alteram,
1182 4731 1240 4783 MS.
