3218 5640
214 1222 251 1274 of
257 1222 300 1272 the

214 1304 289 1339 same.

214 1383 231 1432 s.
246 1387 300 1430 136.

665 783 912 849 (flamniam
936 775 1146 846 novisanan

699 1072 891 1138 DXXXVI.
916 1071 1105 1138 Decedam.

417 1222 518 1278 Sciant
534 1227 691 1293 praesentes
710 1229 740 1277 et
758 1223 860 1288 futuri,
881 1222 959 1294 quod
977 1239 1033 1293 ego
1050 1220 1198 1277 Walter-ns
1216 1217 1293 1271 filius
1305 1211 1426 1269 Roberti

380 1307 416 1361 de
446 1306 621 1361 Herefordia
646 1306 712 1360 dedi
740 1314 770 1361 et
793 1308 932 1371 concessi,
952 1312 982 1361 et
1007 1305 1144 1377 praesenti
1171 1308 1251 1357 carta
1273 1315 1339 1353 rnen
1361 1313 1427 1350 con-

382 1390 505 1455 firmavi,
525 1390 641 1445 domino
668 1391 766 1445 abbati
793 1398 823 1447 et
846 1391 1000 1446 conventui
1020 1389 1118 1445 Sancti
1137 1386 1218 1442 Petri
1238 1380 1427 1439 Glaucestrisn

381 1481 472 1530 tetam
497 1481 607 1529 terram
634 1493 700 1529 cum
726 1475 817 1545 pratis
843 1481 874 1529 et
899 1474 1033 1528 omnibus
1054 1472 1120 1527 aliis
1138 1467 1320 1542 pertinentiis
1339 1480 1426 1536 quam

382 1578 437 1629 ege
455 1558 536 1613 tenui
560 1557 597 1612 de
621 1558 758 1628 Philippo
782 1559 842 1613 filio
861 1558 986 1613 Galsridi
1011 1557 1047 1611 de
1065 1555 1238 1618 Lillethone,
1258 1549 1340 1606 etde
1359 1546 1426 1602 Gal·

382 1644 457 1697 sridc
470 1642 529 1697 filio
541 1641 673 1713 ejusdem
686 1642 816 1712 Philippi
827 1663 835 1708 ;
854 1641 1009 1697 tenendam
1026 1647 1057 1695 et
1074 1637 1235 1695 habendam
1252 1636 1284 1689 in
1295 1634 1425 1693 liberam,

381 1745 495 1798 puram,
516 1734 546 1782 et
571 1732 742 1797 perpetuam
766 1727 965 1790 elemosinam,
986 1743 1052 1780 cum
1075 1723 1208 1778 omnibus
1233 1715 1425 1792 pertinentiis,

383 1813 458 1867 sicut
484 1828 540 1882 ege
567 1829 695 1881 unquam
720 1810 826 1865 melius
853 1816 884 1865 ct
907 1810 1029 1865 liberius
1054 1808 1146 1871 tenui,
1171 1806 1233 1861 sine
1259 1803 1357 1873 aliquo
1381 1817 1426 1854 rc·

381 1894 562 1950 tenemente¹
581 1894 618 1948 ad
636 1912 708 1965 epus
726 1911 824 1948 meum
842 1893 890 1948 vel
907 1892 1057 1947 haeredum
1075 1908 1215 1945 meorum.

417 1980 457 2033 Bt
474 1983 507 2033 ut
524 1979 587 2032 hoec
606 1995 671 2032 mea
688 1978 804 2032 donatia
822 1982 852 2030 ct
870 1983 957 2031 cartre
976 1994 1048 2030 mem
1067 1972 1254 2036 confirmatio,
1274 1975 1328 2026 etc.

692 2246 900 2311 DXXXVH.
927 2247 975 2311 De
999 2246 1116 2311 eedem.

214 2400 283 2451 AD.
298 2406 360 2452 1263
418 2396 518 2452 Sciant
548 2403 706 2467 praesentes
737 2403 768 2452 et
798 2398 899 2464 futuri,
932 2397 1009 2468 quod
1038 2415 1091 2452 nos
1121 2389 1339 2467 B[eginaldus]‚
1370 2391 1427 2446 Dei

214 2473 305 2518 428⁴.

382 2481 478 2551 gratia
505 2481 593 2535 abhas
619 2487 649 2535 et
674 2489 832 2537 cenventus
862 2481 961 2537 Sancti
986 2482 1068 2537 Petri
1094 2478 1294 2543 Gloucestrioe,
1314 2493 1428 2532 conces·

216 2550 303 2601 (ΜΘ
383 2565 474 2620 simus
492 2571 523 2620 et
539 2565 714 2619 tradidimus
732 2565 862 2621 Waltero
880 2567 1031 2637 Beaupere
1049 2571 1079 2619 et
1094 2564 1198 2621 Aliciae
1216 2564 1252 2618 de
1265 2563 1428 2617 Brommes·

215 2632 290 2668 ime.

381 2648 495 2704 berane
513 2649 596 2703 uxori
615 2649 717 2720 ipsius,
738 2655 768 2703 at
785 2650 893 2705 seniori
911 2650 972 2704 filie
990 2668 1091 2705 eorum
1110 2649 1160 2719 qui
1173 2667 1221 2703 ees
1235 2646 1428 2719 supervixerit

383 2733 418 2786 de
444 2751 545 2787 eorum
570 2750 691 2803 corpore
716 2733 849 2804 legitime
874 2740 1034 2806 procreato,
1063 2751 1151 2789 unam
1177 2734 1322 2804 virgatam
1341 2737 1427 2786 terrm

382 2834 450 2871 cum
473 2817 657 2888 pertinentiis
682 2816 712 2870 in
739 2818 871 2873 manerio
895 2825 995 2874 nostro
1021 2817 1057 2873 de
1076 2818 1289 2889 Hynchammc‚
1309 2820 1428 2886 excepta

382 2918 441 2954 una
467 2917 534 2955 aera
561 2905 591 2955 ct
616 2900 739 2955 dimidia
765 2902 844 2971 prati
869 2921 942 2973 quas
967 2902 1135 2958 Willelmus
1162 2902 1255 2973 Pippe
1280 2901 1316 2955 de
1345 2899 1428 2954 nobis

382 2983 486 3048 tenuit,
518 2984 631 3039 scilicet
647 2983 811 3039 -dimidiam
839 2987 984 3057 virgatam
1004 2992 1098 3042 terrae
1131 3004 1219 3058 qnam
1248 2983 1428 3056 Reginaldus

381 3066 468 3137 Pally
495 3067 650 3138 aliquando
680 3067 717 3122 de
747 3068 830 3123 nobis
856 3070 960 3134 tenuit,
988 3075 1018 3124 et
1047 3068 1135 3124 aliam
1160 3069 1311 3123 dimidiam
1341 3084 1428 3138 quam

381 3150 547 3206 Willelmus
578 3151 671 3223 Pippe
700 3151 736 3206 de
767 3152 851 3208 nobis
881 3153 994 3219 tenuit;
1025 3152 1188 3208 habendam
1217 3159 1247 3208 et
1274 3150 1427 3207 tenendam

379 3233 487 3290 dictam
505 3235 651 3307 virgatam
675 3241 761 3290 terrae
783 3254 850 3292 cum
868 3237 1053 3309 pertinentiis
1071 3237 1142 3302 suis,
1162 3236 1199 3292 de
1217 3235 1298 3291 nobis
1316 3241 1346 3290 at
1363 3252 1428 3289 sne·

378 3319 542 3375 censoribus
560 3319 692 3384 nostris,2
709 3321 747 3376 ad
758 3321 850 3376 vitam
866 3321 1073 3392 praedictorum
1085 3320 1209 3377 Walteri
1226 3326 1256 3376 et
1271 3318 1385 3383 alisia,
1399 3325 1429 3373 et

378 3419 479 3457 eorum
497 3402 551 3458 filii
570 3403 693 3459 senioris
713 3403 764 3476 qui
782 3422 832 3460 eos
851 3404 1186 3476 supervixerittantum.

411 3484 570 3542 Reddenda
592 3486 659 3541 inde
684 3488 834 3542 annuatim
852 3488 935 3543 nobis
954 3495 985 3544 et
1003 3487 1220 3544 successoribus
1238 3485 1355 3551 nestris,
1374 3502 1428 3558 pro

377 3569 499 3625 dimidia
517 3570 633 3642 virgata
651 3577 738 3626 terra>
757 3590 845 3642 quam
858 3572 1040 3643 Reginaldus
1053 3571 1131 3627 Palli
1148 3571 1304 3642 aliquando
1322 3570 1426 3635 tenuit,

377 3653 479 3709 decem
504 3654 612 3710 solidos
640 3655 677 3710 ad
704 3662 830 3726 quatuor
855 3657 924 3711 anni
949 3657 1099 3720 terminos,
1120 3656 1233 3711 seilicet
1258 3654 1295 3710 ad
1321 3654 1428 3709 sestam

376 3736 461 3792 Beati
479 3736 634 3793 Michaelis
659 3737 732 3793 duos
760 3739 869 3795 solidos
897 3746 927 3794 et
954 3759 1006 3796 sex
1031 3740 1176 3806 denarios,
1201 3744 1231 3795 et
1257 3738 1295 3793 ad
1320 3738 1427 3793 festum

377 3821 461 3878 Beati
479 3821 606 3878 Andreae
624 3822 697 3878 duos
716 3824 825 3878 solidos
843 3829 874 3880 et
892 3842 943 3880 sex
961 3824 1104 3890 denariae,
1118 3822 1428 3880 adAnnunciationem

377 3904 476 3961 Beatm
495 3905 597 3962 Marias
622 3906 695 3962 duos
720 3907 829 3963 solidos
854 3914 885 3964 et
902 3927 953 3964 sex
971 3909 1115 3975 denarios,
1135 3915 1166 3963 et
1183 3909 1219 3963 ad
1236 3907 1428 3963 Nativitatem

378 3988 462 4044 Beati
482 3989 501 4044 J
503 3991 624 4047 ohannis
643 3990 786 4063 Baptista
804 3992 878 4048 dues
897 3992 1006 4048 solidos
1024 3998 1054 4049 et
1072 4010 1123 4049 sex
1140 3992 1291 4058 denarios3
1319 3997 1350 4048 et
1374 4008 1428 4062 pre

378 4071 499 4129 dimidia
528 4075 643 4145 virgata
672 4081 759 4131 terrie
789 4094 878 4146 quam
907 4077 1075 4133 Willelmus
1105 4077 1198 4149 Pippe
1231 4076 1327 4132 tenuit
1355 4080 1428 4130 tres·

378 4153 473 4210 decim
491 4157 609 4225 solidos,
630 4159 666 4215 ad
683 4157 850 4216 Advincula
869 4159 968 4216 Sancti
988 4161 1080 4227 Petri,
1100 4167 1130 4216 et
1148 4161 1184 4215 ad
1202 4160 1309 4216 festum
1329 4158 1427 4215 Sancti

377 4238 531 4296 Michaelis
557 4241 630 4298 duos
656 4243 766 4300 solidos
793 4243 830 4299 de
856 4244 973 4301 auxilio.
1011 4245 1092 4301 Dieti
1119 4244 1208 4300 etiam
1226 4244 1374 4300 Walterns
1397 4246 1429 4297 et

378 4319 475 4378 Alieia
492 4323 633 4381 auxilium
650 4326 734 4383 nobis
759 4327 870 4385 dabunt
893 4330 929 4384 ad
954 4330 1061 4385 festum
1080 4328 1181 4386 Sancti
1197 4327 1352 4384 Michaelis
1373 4343 1428 4398 pro

379 4403 501 4461 dimidie
525 4407 641 4481 virgata
670 4416 757 4468 tarrae
787 4429 876 4483 quam
908 4412 1091 4486 Reginaldus
1121 4411 1207 4484 Pally
1236 4411 1331 4468 tenuit
1359 4427 1427 4467 cnm

411 4640 418 4669 ¹
436 4644 603 4709 remanente]
624 4643 679 4696 'lhe
690 4646 761 4698 sixth
772 4649 844 4700 letter
854 4650 885 4700 os
963 4653 972 4680 ²
989 4650 1092 4716 mstis]
1111 4651 1171 4715 suis,
1181 4650 1237 4703 MS.

379 4718 430 4770 this
440 4722 510 4772 word
521 4721 543 4773 is
551 4723 878 4792 writtenupensnemsure.
1339 4752 1353 4788 0
