3218 5640
512 824 538 870 s
562 821 660 870 emm
683 821 937 870 ococcmrnrm
1185 806 1246 865 ’281

197 996 283 1050 cedat
307 1010 386 1051 terr-a
411 998 560 1068 praedicta,
583 1017 650 1052 eum
675 998 808 1051 omnibns
830 996 1015 1067 pertinentiis
1041 995 1112 1058 suis,
1138 993 1250 1046 duobus

199 1081 338 1135 fratribus
358 1083 420 1136 suis
440 1083 469 1136 in
488 1081 699 1144 hereditatem,
719 1082 831 1135 scilicet
851 1081 979 1134 Roberto
997 1079 1202 1149 primogenito.
1222 1088 1253 1130 et

201 1164 331 1218 Waltero
358 1167 534 1236 postgenito.
573 1166 658 1220 Hanc
683 1180 802 1229 terram,
828 1183 895 1218 cum
914 1164 1047 1217 omnibns
1067 1162 1251 1233 pertinentiis

199 1249 271 1312 suis,
285 1248 378 1303 debeo
396 1267 453 1320 ego
466 1250 560 1304 Lucas·
574 1250 609 1303 de
623 1248 790 1304 Clanelelde
805 1262 834 1302 et
846 1247 977 1301 haeredes
990 1246 1048 1299 mei
1063 1246 1251 1299 warantizare

199 1332 340 1403 predicto
358 1333 508 1387 Willelmo
526 1346 556 1388 et
574 1333 738 1388 haeredibus
758 1334 818 1386 snis
838 1346 938 1386 contra
956 1349 1055 1384 omnes
1076 1330 1223 1383 mortnles.

236 1417 274 1471 Bt
293 1430 326 1472 ut
349 1418 412 1473 haec
437 1437 502 1473 mea
529 1419 646 1473 donatio
672 1432 701 1472 et
728 1418 877 1471 concessio
901 1417 985 1469 firma
1009 1416 1049 1469 sit
1072 1426 1102 1468 et
1125 1414 1250 1476 stabilis,

200 1501 274 1556 hanc
287 1516 398 1557 cartam
411 1516 586 1575 praesentem
599 1503 692 1573 sigilli
706 1504 763 1556 mei
776 1501 957 1572 appositione
970 1499 1148 1554 confirmavi.
1182 1498 1251 1551 Hiis

200 1586 336 1642 testibus.

488 1807 730 1874 DCCCIXXI.
754 1807 968 1874 Rndenlnm.

238 1943 338 1998 Sciant
360 1958 517 2014 praesentes
543 1958 572 1998 ct
598 1945 700 2007 futuri,
727 1944 805 2014 qnod
829 1963 884 2014 ego
909 1944 1002 1997 Lucas
1028 1943 1063 1996 de
1083 1941 1250 1997 Clancfelde
1264 1950 1352 2001 Ostha

200 2026 278 2091 dedi,
299 2031 440 2091 concessi,
460 2044 490 2082 et
510 2029 562 2082 bac
582 2042 724 2099 praesente
743 2044 823 2082 carta
842 2047 907 2082 men
924 2028 1104 2087 confirmavi,
1124 2027 1341 2081 nonenoeane·

200 2112 261 2165 filio
285 2132 359 2177 meo,
380 2132 433 2183 pro
458 2115 579 2167 servitio
598 2133 651 2166 suo
670 2128 698 2167 et
720 2114 865 2184 homagio,
888 2131 976 2166 unam
1000 2113 1146 2183 virgatam
1165 2126 1251 2166 teme

200 2197 231 2250 in
251 2197 321 2251 rllla
345 2199 381 2251 de
402 2198 561 2259 leebarn,
585 2214 614 2251 et
640 2212 733 2252 totum
758 2198 882 2268 capitale
907 2198 1092 2268 mesnagium
1117 2211 1146 2251 et
1165 2215 1250 2250 unam

199 2294 313 2351 partem
332 2282 413 2336 bosci
436 2283 505 2345 mei,
531 2283 644 2336 scilicet
663 2301 714 2352 per
738 2284 816 2335 viam
841 2301 906 2351 quae
931 2300 963 2335 se
991 2281 1120 2335 extendit
1147 2300 1251 2336 versus

202 2365 423 2419 Westrndehnm
454 2367 482 2419 in
520 2367 642 2420 australi
674 2378 755 2437 parte
781 2366 862 2419 bosci
888 2383 921 2418 ex
946 2367 1079 2436 opposito
1111 2366 1249 2437 capellae;

201 2449 362 2503 habendam
381 2462 410 2503 et
428 2451 582 2503 tenendam
602 2451 659 2504 sibi
678 2464 706 2502 et
724 2449 888 2503 haeredibus
908 2450 981 2513 suis,
1001 2449 1037 2503 de
1056 2464 1145 2503 meet
1162 2450 1252 2503 haere·

202 2533 288 2587 dibus
307 2535 392 2596 meis,
412 2534 514 2598 libere,
535 2536 643 2604 qniete,
665 2535 746 2590 bene.
767 2536 844 2587 etin
863 2552 943 2604 pace.

238 2617 397 2672 Reddenda
423 2619 497 2671 mihi
523 2619 590 2671 inde
619 2636 670 2689 per
694 2637 802 2671 annum
828 2619 908 2671 xviii.
937 2617 1082 2681 denarios,
1102 2637 1168 2672 cnm
1199 2619 1249 2672 sii.

201 2702 329 2756 denariis
349 2721 422 2773 qnos
439 2703 583 2757 Bobertus
597 2703 692 2757 Rufus
713 2703 825 2757 solebat
844 2702 964 2756 reddere
977 2703 1014 2756 ad
1033 2704 1140 2756 festum
1153 2703 1252 2757 Sancti

201 2786 366 2850 Michaelis,
392 2805 446 2858 pro
474 2788 551 2840 omni
577 2789 699 2841 servitio
723 2803 752 2841 et
779 2787 998 2843 consuetudine.
1027 2787 1108 2841 salvo
1132 2788 1252 2841 servitio

202 2871 313 2924 domini
332 2873 422 2942 regis.
460 2871 499 2924 Et
517 2873 541 2925 si
557 2873 630 2925 forte
649 2872 819 2926 humanitus
833 2872 869 2925 de
881 2871 1022 2942 predicto
1040 2872 1168 2926 Roberto
1186 2892 1252 2926 con·

201 2956 305 3024 tigerit
317 2956 380 3009 sine
399 2954 514 3009 haerede
533 2955 570 3008 de
588 2956 694 3025 seipso,
715 2955 873 3009 descendat
890 2961 968 3008 terra
986 2956 1124 3025 praedicta
1140 2955 1252 3010 dnobus

201 3042 264 3094 suis
291 3040 430 3093 iratribus
456 3041 487 3093 in
512 3039 731 3103 haereditatem
763 3040 875 3095 scilicet
892 3040 1041 3094 ll'illelmo
1066 3056 1095 3094 et
1114 3040 1253 3095 ll'altero.

202 3124 287 3177 Hanc
306 3136 416 3177 terram
435 3125 527 3177 debeo
545 3141 601 3192 ego
620 3124 714 3178 Lucas
740 3124 776 3178 de
796 3125 966 3179 Claneselde
993 3138 1022 3178 et
1044 3125 1175 3179 haeredes
1194 3127 1252 3178 mei

201 3209 391 3262 warrantizare
411 3207 551 3278 praedicto
569 3208 698 3262 Roberto
716 3221 746 3263 et
764 3208 930 3263 heredibus
951 3210 1011 3264 suis
1035 3220 1135 3263 contra
1153 3228 1252 3264 omnes

202 3292 351 3347 mortales.

238 3377 277 3431 Et
295 3386 328 3431 ut
345 3377 409 3432 haec
427 3394 494 3431 moa
512 3375 630 3432 donatio
649 3373 705 3448 ¹[et]
725 3379 876 3432 concessio
899 3379 985 3432 firma
1008 3378 1048 3432 sit
1072 3388 1102 3433 et
1126 3379 1250 3442 stabilis,

200 3461 276 3515 hanc
293 3474 404 3517 cartam
417 3472 592 3532 praesentem
604 3462 697 3531 sigilli
711 3463 769 3517 mei
780 3464 961 3532 appositione
974 3463 1152 3518 confirmari.
1184 3463 1252 3517 Hiis

201 3546 336 3602 testibus.

482 3746 745 3813 DCCCLXXII.
764 3746 976 3814 Rodenltnm.

240 3882 343 3937 Sciant
362 3896 521 3953 praesentes
540 3896 570 3937 et
594 3884 695 3946 futuri,
716 3883 794 3952 quod
821 3902 877 3954 ego
903 3884 997 3938 Lucas
1016 3884 1052 3938 de
1074 3885 1251 3949 Clanefelde‚
1267 3885 1305 3936 Os
1312 3885 1353 3937 the

201 3985 256 4038 pro
268 3966 362 4021 salute
375 3967 480 4020 animan
499 3985 571 4020 mea:
587 3984 617 4021 et
634 3969 764 4020 omnium
783 3982 1000 4022 antecessorum
1018 3986 1161 4032 meorum,
1175 3968 1253 4033 dedi,
1265 3970 1341 4005 ‘³¹¹¹‘-

200 4054 343 4117 concessi,
362 4066 392 4106 ct
410 4053 464 4107 bae
485 4069 627 4123 praesente
646 4062 725 4107 carta
744 4072 808 4107 mea
827 4054 1005 4116 confirmavi,
1027 4054 1098 4116 Dee,
1117 4070 1146 4108 et
1164 4056 1255 4110 ecele-

200 4140 254 4194 siae
273 4139 358 4192 Beati
381 4138 462 4191 Petri
487 4137 663 4200 Gloverniae,
684 4147 714 4191 et
738 4138 887 4191 monachis
912 4137 1021 4191 ibidem
1044 4138 1105 4192 Deo
1124 4142 1253 4193 servien-

200 4224 290 4286 tibus,
304 4240 393 4276 unam
412 4221 520 4290 hydam
538 4236 625 4276 terrae
640 4223 670 4274 in
688 4221 868 4284 Radenham,
883 4240 950 4275 cum
962 4223 1065 4292 pratis,
1079 4234 1108 4277 et
1126 4227 1253 4294 pascuis,

200 4308 306 4370 boscis
320 4316 351 4361 et
363 4305 535 4370 redditibus,
549 4320 578 4359 et
590 4305 723 4360 omnibns
741 4308 935 4376 pertinentiis,
950 4309 1026 4361 sieut
1044 4326 1108 4361 enm
1126 4327 1255 4378 unquam

199 4392 323 4447 liberius
343 4402 373 4444 et
391 4390 496 4445 melius
516 4392 607 4454 tenni,
622 4391 683 4444 sine
703 4390 801 4459 aliquo
814 4392 1005 4447 retinemento
1022 4392 1060 4447 ad
1071 4412 1143 4463 opus
1156 4412 1256 4448 meum

199 4477 248 4530 ’rel
267 4475 418 4529 haeredum
444 4493 585 4537 meorum,
606 4492 673 4528 cum
692 4474 785 4528 tribus
803 4475 871 4527 filiis
891 4476 1027 4530 Robert0.
1047 4477 1205 4542 ll'illelmo,
1225 4484 1257 4531 et

200 4559 340 4623 waltero,
371 4558 409 4613 ad
443 4559 651 4613 inveniendum
675 4559 718 4612 eis
744 4560 775 4611 in
805 4558 906 4612 habitu
937 4561 1098 4631 religionis,
1130 4564 1192 4617 sive
1224 4562 1254 4616 in

200 4644 303 4700 habitu
321 4644 457 4699 saeculari
475 4645 650 4707 necessaria,
671 4643 805 4697 omnibus
825 4642 928 4698 diebus
947 4646 1016 4699 vitro
1034 4664 1152 4712 eornm3
1172 4648 1254 4702 illam

201 4729 317 4786 scilicet
334 4727 443 4799 hydam
468 4746 556 4799 quam
583 4728 673 4782 habui
699 4728 729 4780 in
753 4727 934 4783 escambium
952 4730 1038 4785 nnius
1057 4730 1143 4802 hydae
1166 4748 1254 4788 terras
