3218 5640
356 823 420 885 210
646 833 897 883 CARTULARIUM
919 831 1130 881 noassrnnri

655 1105 888 1173 DOCLXXII.
911 1107 1108 1198 Brucworbe.

190 1273 336 1325 A.1).1263
393 1262 548 1320 Universis
579 1262 691 1318 Christi
721 1263 856 1318 fidelibus
886 1280 1017 1335 praesens
1047 1264 1191 1334 scriptum
1220 1262 1331 1318 visuris
1361 1261 1413 1317 vel

189 1344 282 1390 4²⁸⁴·
360 1347 515 1411 audituris,
536 1346 727 1416 Reginaldus‚
749 1346 805 1401 Dei
833 1347 929 1417 grstia
956 1347 1045 1402 abbas
1071 1352 1102 1402 et
1126 1353 1286 1402 conventus
1310 1345 1413 1402 Sancti

194 1417 318 1471 ΜΒΝ·
360 1433 442 1487 Petri
462 1430 663 1495 Gloncestriae‚
685 1431 811 1485 salutem
829 1431 859 1484 in
878 1430 1003 1486 Domino
1022 1431 1238 1502 sempiternam.

193 1485 297 1536 '‘mh‘'
395 1515 522 1571 Noverit
538 1515 716 1569 universitas
744 1520 852 1578 vestra,
873 1514 951 1585 quod
977 1533 1045 1570 cum
1073 1514 1221 1569 Johannes
1240 1514 1319 1568 filius
1336 1513 1412 1569 Wil-

359 1599 444 1655 lelmi
463 1599 500 1654 de
528 1599 695 1668 Pynnecote
721 1598 866 1668 quandam
893 1603 1003 1653 terram
1030 1616 1098 1654 cum
1122 1599 1275 1669 mesuagio
1296 1603 1328 1652 et
1345 1597 1415 1652 aliis

359 1684 543 1756 pertinentiis
563 1683 625 1737 suis
644 1683 675 1736 in
687 1682 760 1736 villa
777 1681 814 1735 dc
833 1682 1006 1756 Brooworpe
1023 1682 1059 1737 de
1078 1681 1153 1737 dono
1172 1700 1224 1736 seu
1242 1681 1415 1736 dimissione

360 1768 492 1842 ejusdem
510 1767 653 1823 Willelmi
676 1766 769 1837 patris
798 1766 843 1820 sui
869 1765 926 1822 sibi
954 1773 984 1822 et
1008 1764 1175 1821 haeredibus
1193 1767 1255 1821 suis
1274 1764 1311 1819 de
1330 1764 1417 1819 feodo

359 1858 459 1908 nostro
476 1854 619 1913 tenuerat,
635 1849 671 1903 dc
691 1869 749 1921 qua
767 1848 885 1920 quidem
898 1857 978 1906 terra
990 1850 1048 1905 duo
1067 1850 1162 1914 solidi,
1178 1868 1229 1904 sex
1247 1848 1371 1911 denarii,
1386 1851 1417 1902 et

360 1937 462 1991 obolus
491 1934 579 1989 annui
606 1934 740 1989 redditus
766 1934 850 1988 nobis
878 1952 912 1987 ex
938 1934 1108 1989 dimissione
1130 1933 1241 1988 domiui
1260 1931 1416 1987 Laurentii

359 2021 396 2074 de
427 2017 583 2076 chaundos
614 2018 717 2071 militis
748 2017 937 2081 debebantur,
970 2019 1046 2073 sicut
1075 2018 1242 2073 continetur
1271 2018 1303 2071 in
1333 2021 1417 2071 cartu

359 2105 452 2174 ipsius
471 2102 621 2156 Laurentii
640 2118 729 2172 super
756 2101 834 2155 dicto
859 2101 977 2156 redditu
1005 2108 1036 2157 et
1061 2101 1127 2156 aliis
1153 2101 1239 2156 nobis
1267 2100 1413 2155 confecta.

358 2187 421 2243 Nos
447 2187 518 2241 dicti
544 2185 685 2240 Johaunis
713 2186 922 2255 compatientes
950 2186 1116 2257 paupertati
1146 2192 1176 2240 et
1205 2202 1259 2256 pro
1288 2184 1417 2256 pecunia

359 2289 420 2342 prio
438 2270 572 2324 manibus
591 2270 675 2324 nobis
694 2276 857 2334 numeratu,
878 2270 1065 2324 concedimus
1078 2269 1156 2340 quod
1174 2269 1318 2340 praedicta
1334 2274 1416 2323 terra

359 2373 427 2410 cum
457 2354 592 2409 omnibus
623 2353 808 2424 pertinentiis
839 2354 901 2407 suis
931 2353 1081 2423 praedietis
1113 2354 1170 2408 sibi
1203 2358 1356 2407 remaneat
1386 2357 1417 2407 et

359 2438 525 2493 heredibus
545 2438 605 2490 suis
630 2436 732 2499 libere,
753 2437 861 2506 quiete,
882 2443 911 2492 et
934 2437 1065 2506 pacifice,
1085 2436 1121 2489 de
1145 2436 1229 2491 uobis
1251 2442 1281 2491 et
1300 2452 1417 2491 succes·

360 2522 475 2578 sonibus
494 2522 602 2575 nostris
627 2521 753 2576 tenenda
780 2520 811 2574 in
836 2526 1020 2591 perpetuum,
1041 2519 1173 2574 faciendo
1195 2519 1263 2574 inde
1281 2519 1368 2576 nobis
1386 2524 1418 2576 et

360 2605 578 2661 successoribus
591 2604 699 2660 nostris
712 2603 785 2658 dicti
798 2602 817 2657 J
819 2604 947 2659 ohannes
960 2611 990 2658 et
1002 2603 1135 2659 haeredes
1148 2604 1195 2658 sui
1212 2602 1286 2659 duos
1305 2603 1423 2659 solidos

359 2690 448 2744 annui
465 2688 598 2742 redditus
617 2687 654 2742 od
667 2693 790 2758 quatuor
808 2688 876 2742 anni
895 2688 1046 2752 terminos,
1060 2694 1126 2753 etc,
1141 2706 1279 2744 unacum
1296 2688 1421 2743 denario

359 2772 510 2828 annuatim
528 2772 611 2827 nobis
631 2773 754 2828 infesto
774 2771 874 2827 Sancti
895 2770 1050 2828 Michaelis
1069 2772 1209 2828 solvendo
1228 2790 1282 2843 pro
1301 2770 1424 2828 duobus

360 2854 537 2923 curtillsgiis
557 2860 586 2908 et
604 2854 670 2909 aliis
693 2873 758 2925 quau
786 2860 866 2909 tenet
890 2854 927 2909 dc
953 2854 1038 2911 feodo
1065 2861 1165 2911 nostro
1193 2873 1229 2910 ex
1256 2855 1425 2914 traditione

360 2938 471 2994 domini
489 2936 640 2992 Laurentii
658 2936 694 2991 de
714 2937 879 3003 chaundos,
899 2939 1014 2994 militis.

395 3021 433 3078 In
450 3021 533 3093 cujus
552 3021 606 3087 rei,
626 3027 681 3078 eto.

450 3305 701 3373 DCCLXXIIL
729 3306 938 3385 Bistoniam,
961 3305 1087 3372 scilicet
1109 3307 1150 3373 de
1171 3307 1328 3374 att-iricio.
1424 3328 1427 3333 ·

395 3469 496 3526 Abbas
523 3471 623 3526 Sancti
650 3470 732 3525 Petri
759 3469 961 3532 Gloucestriae,
982 3469 1033 3539 qui
1059 3469 1129 3524 tulit
1152 3469 1285 3540 juratam
1308 3469 1426 3540 viginti

362 3560 487 3624 quotuor
516 3554 554 3608 ad
579 3551 822 3608 committendum
852 3552 1007 3606 duodecim
1028 3552 1144 3623 juratos
1170 3554 1274 3608 assiste
1304 3553 1425 3608 ultimae

361 3637 594 3708 presentat-ionis
613 3654 678 3707 quae
697 3637 884 3706 interipsum
902 3635 1086 3692 abbatemet
1104 3637 1124 3691 J
1125 3637 1269 3692 ohannem
1282 3637 1429 3708 ‘l'reygon

363 3723 540 3777 summonita
569 3721 625 3775 luit
650 3727 680 3775 et
707 3725 792 3791 capta
819 3737 917 3774 coram
944 3720 1122 3791 justiciariis
1141 3721 1178 3775 de
1203 3722 1314 3785 Bonco,
1336 3722 1425 3777 veuit

363 3811 393 3860 et
409 3805 532 3859 retraxit
558 3821 598 3858 se.
643 3803 715 3857 Ideo
739 3802 897 3873 pradictus
924 3802 1072 3859 Johunnes
1102 3810 1133 3859 et
1162 3806 1253 3860 etiam
1283 3805 1424 3876 predicti

364 3888 518 3943 duodecim
533 3886 623 3957 jurati
636 3886 704 3941 iude
721 3887 785 3941 sine
797 3886 854 3940 die.
892 3887 931 3940 Et
942 3886 1102 3956 pradictus
1114 3887 1203 3943 abbas
1216 3890 1430 3944 committatur

365 3972 478 4043 goyolae
496 3977 526 4025 et
547 3970 640 4041 plegii
659 3969 706 4024 sui
732 3968 769 4023 de
788 3970 990 4040 prosequendo
1011 3972 1043 4024 in
1067 3972 1283 4036 misericordia,
1304 3973 1425 4027 scilicet

364 4054 508 4110 Bicurdus
521 4054 558 4109 de
574 4054 760 4124 Mayesmore
779 4059 810 4108 et
820 4053 966 4107 Robertus
983 4053 1020 4107 de
1033 4053 1185 4126 Gheynny.
1223 4056 1333 4111 Postea
1344 4074 1425 4127 praa·

363 4139 459 4195 dictus
471 4139 560 4194 abbas
579 4155 631 4209 pro
649 4143 766 4193 centum
785 4138 887 4193 solidis
906 4155 959 4209 per
975 4138 1091 4212 plegios
1109 4141 1245 4212 praedicti
1263 4141 1425 4198 iohannis.

666 4431 910 4501 DOOLXXIV.
935 4434 984 4500 De
1006 4435 1128 4501 codena

399 4599 507 4655 Postea
534 4601 670 4655 convenit
699 4600 777 4655 inter
805 4601 980 4672 predictum
1009 4604 1144 4659 abbatem
1182 4609 1213 4660 et
1242 4603 1429 4676 prodicium

366 4683 539 4745 Johnunem,
574 4683 654 4753 quod
689 4682 768 4738 idem
806 4684 954 4742 Johannes
989 4688 1163 4760 recognovit
1197 4684 1430 4744 admonitoriam

365 4766 497 4826 eoelcaia
514 4764 552 4822 de
568 4765 737 4823 Bnreuliom
755 4783 821 4823 ease
841 4768 892 4840 jus
910 4770 1005 4843 ipsius
1023 4770 1139 4830 abbsu's
1156 4777 1189 4830 et
1205 4772 1342 4830 ecclesi·
1361 4790 1432 4831 auo
