<?xml version="1.0" encoding="UTF-8"?>
<!DOCTYPE html PUBLIC "-//W3C//DTD XHTML 1.0 Transitional//EN"
    "http://www.w3.org/TR/xhtml1/DTD/xhtml1-transitional.dtd">
<html xmlns="http://www.w3.org/1999/xhtml" xml:lang="en" lang="en">
 <head>
  <title>
</title>
<meta http-equiv="Content-Type" content="text/html;charset=utf-8" />
  <meta name='ocr-system' content='tesseract 3.04.00' />
  <meta name='ocr-capabilities' content='ocr_page ocr_carea ocr_par ocr_line ocrx_word'/>
</head>
<body>
  <div class='ocr_page' id='page_1' title='image "./historiaetcartu02monagoog_0192.png"; bbox 0 0 3218 5640; ppageno 0'>
   <div class='ocr_carea' id='block_1_1' title="bbox 508 797 934 848">
    <p class='ocr_par' dir='ltr' id='par_1_1' title="bbox 508 797 934 848">
     <span class='ocr_line' id='line_1_1' title="bbox 508 797 934 848; baseline 0 -2"><span class='ocrx_word' id='word_1_1' title='bbox 508 798 536 846; x_wconf 81' lang='lat' dir='ltr'>S.</span> <span class='ocrx_word' id='word_1_2' title='bbox 559 797 660 847; x_wconf 77' lang='lat' dir='ltr'>PETRI</span> <span class='ocrx_word' id='word_1_3' title='bbox 682 797 934 848; x_wconf 69' lang='lat' dir='ltr'>owucnsrfflat</span> 
     </span>
    </p>
   </div>
   <div class='ocr_carea' id='block_1_2' title="bbox 498 1075 946 1143">
    <p class='ocr_par' dir='ltr' id='par_1_2' title="bbox 498 1075 946 1143">
     <span class='ocr_line' id='line_1_2' title="bbox 498 1075 946 1143; baseline 0 -3"><span class='ocrx_word' id='word_1_4' title='bbox 498 1075 733 1143; x_wconf 80' lang='lat' dir='ltr'>DCLXXXIL</span> <span class='ocrx_word' id='word_1_5' title='bbox 758 1077 806 1142; x_wconf 88' lang='lat' dir='ltr'>De</span> <span class='ocrx_word' id='word_1_6' title='bbox 828 1076 946 1143; x_wconf 81' lang='lat' dir='ltr'>eodem.</span> 
     </span>
    </p>
   </div>
   <div class='ocr_carea' id='block_1_3' title="bbox 200 1236 1347 2402">
    <p class='ocr_par' dir='ltr' id='par_1_3' title="bbox 200 1236 1347 1970">
     <span class='ocr_line' id='line_1_3' title="bbox 234 1236 1347 1312; baseline -0.002 -19"><span class='ocrx_word' id='word_1_7' title='bbox 234 1237 336 1294; x_wconf 85' lang='lat' dir='ltr'>Sciant</span> <span class='ocrx_word' id='word_1_8' title='bbox 361 1246 519 1309; x_wconf 72' lang='lat' dir='ltr'>praesentes</span> <span class='ocrx_word' id='word_1_9' title='bbox 545 1248 576 1296; x_wconf 89' lang='lat' dir='ltr'>et</span> <span class='ocrx_word' id='word_1_10' title='bbox 601 1241 705 1305; x_wconf 82' lang='lat' dir='ltr'>futuri,</span> <span class='ocrx_word' id='word_1_11' title='bbox 732 1240 809 1312; x_wconf 90' lang='lat' dir='ltr'>quod</span> <span class='ocrx_word' id='word_1_12' title='bbox 836 1258 892 1311; x_wconf 88' lang='lat' dir='ltr'>ego</span> <span class='ocrx_word' id='word_1_13' title='bbox 919 1238 1068 1294; x_wconf 80' lang='lat' dir='ltr'>walterus</span> <span class='ocrx_word' id='word_1_14' title='bbox 1095 1236 1243 1292; x_wconf 82' lang='lat' dir='ltr'>Gifferdus</span> <span class='ocrx_word' id='word_1_15' title='bbox 1258 1246 1347 1298; x_wconf 74' lang='lat' dir='ltr'>Osthe</span> 
     </span>
     <span class='ocr_line' id='line_1_4' title="bbox 200 1321 1333 1393; baseline -0.001 -17"><span class='ocrx_word' id='word_1_16' title='bbox 200 1321 265 1376; x_wconf 87' lang='lat' dir='ltr'>dedi</span> <span class='ocrx_word' id='word_1_17' title='bbox 290 1329 323 1377; x_wconf 86' lang='lat' dir='ltr'>et</span> <span class='ocrx_word' id='word_1_18' title='bbox 346 1324 476 1378; x_wconf 76' lang='lat' dir='ltr'>concessi</span> <span class='ocrx_word' id='word_1_19' title='bbox 501 1324 653 1380; x_wconf 84' lang='lat' dir='ltr'>Gileberto</span> <span class='ocrx_word' id='word_1_20' title='bbox 678 1323 808 1380; x_wconf 81' lang='lat' dir='ltr'>Giffardo</span> <span class='ocrx_word' id='word_1_21' title='bbox 833 1323 917 1378; x_wconf 79' lang='lat' dir='ltr'>fratri</span> <span class='ocrx_word' id='word_1_22' title='bbox 942 1341 1017 1386; x_wconf 87' lang='lat' dir='ltr'>meo,</span> <span class='ocrx_word' id='word_1_23' title='bbox 1046 1340 1100 1393; x_wconf 86' lang='lat' dir='ltr'>pro</span> <span class='ocrx_word' id='word_1_24' title='bbox 1124 1322 1333 1377; x_wconf 68' lang='lat' dir='ltr'>servitium·-</span> 
     </span>
     <span class='ocr_line' id='line_1_5' title="bbox 200 1407 1246 1481; baseline 0 -21"><span class='ocrx_word' id='word_1_25' title='bbox 200 1424 252 1460; x_wconf 80' lang='lat' dir='ltr'>suo</span> <span class='ocrx_word' id='word_1_26' title='bbox 278 1414 310 1461; x_wconf 88' lang='lat' dir='ltr'>et</span> <span class='ocrx_word' id='word_1_27' title='bbox 335 1407 479 1479; x_wconf 84' lang='lat' dir='ltr'>homagio,</span> <span class='ocrx_word' id='word_1_28' title='bbox 506 1409 580 1465; x_wconf 87' lang='lat' dir='ltr'>duas</span> <span class='ocrx_word' id='word_1_29' title='bbox 604 1411 735 1481; x_wconf 75' lang='lat' dir='ltr'>virgatas</span> <span class='ocrx_word' id='word_1_30' title='bbox 762 1419 849 1465; x_wconf 71' lang='lat' dir='ltr'>terrae</span> <span class='ocrx_word' id='word_1_31' title='bbox 875 1409 905 1462; x_wconf 91' lang='lat' dir='ltr'>iu</span> <span class='ocrx_word' id='word_1_32' title='bbox 923 1407 1111 1478; x_wconf 76' lang='lat' dir='ltr'>Ulliugwike‚</span> <span class='ocrx_word' id='word_1_33' title='bbox 1132 1407 1246 1462; x_wconf 83' lang='lat' dir='ltr'>scilicet</span> 
     </span>
     <span class='ocr_line' id='line_1_6' title="bbox 200 1491 1247 1564; baseline 0 -19"><span class='ocrx_word' id='word_1_34' title='bbox 200 1508 287 1545; x_wconf 90' lang='lat' dir='ltr'>uuam</span> <span class='ocrx_word' id='word_1_35' title='bbox 315 1492 460 1562; x_wconf 80' lang='lat' dir='ltr'>virgatam</span> <span class='ocrx_word' id='word_1_36' title='bbox 491 1512 578 1564; x_wconf 85' lang='lat' dir='ltr'>quam</span> <span class='ocrx_word' id='word_1_37' title='bbox 607 1494 756 1549; x_wconf 75' lang='lat' dir='ltr'>Walter-us</span> <span class='ocrx_word' id='word_1_38' title='bbox 786 1493 822 1548; x_wconf 89' lang='lat' dir='ltr'>de</span> <span class='ocrx_word' id='word_1_39' title='bbox 852 1491 1049 1563; x_wconf 77' lang='lat' dir='ltr'>Baggewrthe</span> <span class='ocrx_word' id='word_1_40' title='bbox 1079 1492 1182 1554; x_wconf 85' lang='lat' dir='ltr'>tenuit,</span> <span class='ocrx_word' id='word_1_41' title='bbox 1216 1497 1247 1545; x_wconf 89' lang='lat' dir='ltr'>et</span> 
     </span>
     <span class='ocr_line' id='line_1_7' title="bbox 200 1574 1246 1649; baseline -0.001 -20"><span class='ocrx_word' id='word_1_42' title='bbox 200 1574 350 1630; x_wconf 81' lang='lat' dir='ltr'>dimidiam</span> <span class='ocrx_word' id='word_1_43' title='bbox 367 1577 513 1647; x_wconf 77' lang='lat' dir='ltr'>virgatam</span> <span class='ocrx_word' id='word_1_44' title='bbox 531 1597 619 1649; x_wconf 86' lang='lat' dir='ltr'>quam</span> <span class='ocrx_word' id='word_1_45' title='bbox 637 1578 805 1632; x_wconf 84' lang='lat' dir='ltr'>Gilebertus</span> <span class='ocrx_word' id='word_1_46' title='bbox 823 1576 967 1631; x_wconf 87' lang='lat' dir='ltr'>bubulcus</span> <span class='ocrx_word' id='word_1_47' title='bbox 985 1576 1088 1640; x_wconf 82' lang='lat' dir='ltr'>tenuit,</span> <span class='ocrx_word' id='word_1_48' title='bbox 1108 1581 1139 1629; x_wconf 88' lang='lat' dir='ltr'>et</span> <span class='ocrx_word' id='word_1_49' title='bbox 1161 1575 1246 1628; x_wconf 91' lang='lat' dir='ltr'>dimi·</span> 
     </span>
     <span class='ocr_line' id='line_1_8' title="bbox 200 1658 1246 1732; baseline -0.003 -18"><span class='ocrx_word' id='word_1_50' title='bbox 200 1658 277 1714; x_wconf 84' lang='lat' dir='ltr'>diam</span> <span class='ocrx_word' id='word_1_51' title='bbox 295 1661 440 1732; x_wconf 82' lang='lat' dir='ltr'>virgatam</span> <span class='ocrx_word' id='word_1_52' title='bbox 464 1681 530 1732; x_wconf 70' lang='lat' dir='ltr'>quas</span> <span class='ocrx_word' id='word_1_53' title='bbox 554 1663 611 1717; x_wconf 80' lang='lat' dir='ltr'>fuit</span> <span class='ocrx_word' id='word_1_54' title='bbox 634 1662 773 1717; x_wconf 82' lang='lat' dir='ltr'>Robcrti¹</span> <span class='ocrx_word' id='word_1_55' title='bbox 792 1661 845 1714; x_wconf 86' lang='lat' dir='ltr'>filii</span> <span class='ocrx_word' id='word_1_56' title='bbox 864 1660 1005 1726; x_wconf 82' lang='lat' dir='ltr'>Walteri3</span> <span class='ocrx_word' id='word_1_57' title='bbox 1031 1659 1170 1714; x_wconf 72' lang='lat' dir='ltr'>tenendas</span> <span class='ocrx_word' id='word_1_58' title='bbox 1189 1658 1246 1713; x_wconf 92' lang='lat' dir='ltr'>sibi</span> 
     </span>
     <span class='ocr_line' id='line_1_9' title="bbox 200 1743 1245 1814; baseline 0.002 -18"><span class='ocrx_word' id='word_1_59' title='bbox 200 1752 229 1796; x_wconf 82' lang='lat' dir='ltr'>et</span> <span class='ocrx_word' id='word_1_60' title='bbox 244 1744 410 1800; x_wconf 86' lang='lat' dir='ltr'>baeredibus</span> <span class='ocrx_word' id='word_1_61' title='bbox 429 1746 499 1810; x_wconf 89' lang='lat' dir='ltr'>suis,</span> <span class='ocrx_word' id='word_1_62' title='bbox 518 1746 554 1801; x_wconf 86' lang='lat' dir='ltr'>de</span> <span class='ocrx_word' id='word_1_63' title='bbox 572 1765 618 1801; x_wconf 92' lang='lat' dir='ltr'>me</span> <span class='ocrx_word' id='word_1_64' title='bbox 637 1756 668 1801; x_wconf 86' lang='lat' dir='ltr'>et</span> <span class='ocrx_word' id='word_1_65' title='bbox 684 1746 849 1802; x_wconf 62' lang='lat' dir='ltr'>haeredibus</span> <span class='ocrx_word' id='word_1_66' title='bbox 868 1746 952 1810; x_wconf 88' lang='lat' dir='ltr'>meis,</span> <span class='ocrx_word' id='word_1_67' title='bbox 972 1745 1074 1809; x_wconf 87' lang='lat' dir='ltr'>libere,</span> <span class='ocrx_word' id='word_1_68' title='bbox 1087 1751 1118 1798; x_wconf 86' lang='lat' dir='ltr'>et</span> <span class='ocrx_word' id='word_1_69' title='bbox 1135 1743 1245 1814; x_wconf 82' lang='lat' dir='ltr'>quiete,</span> 
     </span>
     <span class='ocr_line' id='line_1_10' title="bbox 200 1827 1248 1903; baseline -0.001 -20"><span class='ocrx_word' id='word_1_70' title='bbox 200 1835 229 1883; x_wconf 85' lang='lat' dir='ltr'>et</span> <span class='ocrx_word' id='word_1_71' title='bbox 245 1829 411 1896; x_wconf 83' lang='lat' dir='ltr'>honorilice,</span> <span class='ocrx_word' id='word_1_72' title='bbox 431 1831 462 1885; x_wconf 92' lang='lat' dir='ltr'>iu</span> <span class='ocrx_word' id='word_1_73' title='bbox 479 1832 572 1903; x_wconf 79' lang='lat' dir='ltr'>pratis</span> <span class='ocrx_word' id='word_1_74' title='bbox 590 1838 620 1887; x_wconf 90' lang='lat' dir='ltr'>et</span> <span class='ocrx_word' id='word_1_75' title='bbox 637 1833 776 1901; x_wconf 86' lang='lat' dir='ltr'>pasturis,</span> <span class='ocrx_word' id='word_1_76' title='bbox 796 1830 827 1884; x_wconf 92' lang='lat' dir='ltr'>in</span> <span class='ocrx_word' id='word_1_77' title='bbox 845 1831 925 1901; x_wconf 84' lang='lat' dir='ltr'>agris</span> <span class='ocrx_word' id='word_1_78' title='bbox 950 1836 981 1884; x_wconf 90' lang='lat' dir='ltr'>et</span> <span class='ocrx_word' id='word_1_79' title='bbox 1003 1829 1136 1893; x_wconf 88' lang='lat' dir='ltr'>culturis,</span> <span class='ocrx_word' id='word_1_80' title='bbox 1162 1827 1248 1884; x_wconf 90' lang='lat' dir='ltr'>etin</span> 
     </span>
     <span class='ocr_line' id='line_1_11' title="bbox 200 1914 545 1970; baseline 0.006 -2"><span class='ocrx_word' id='word_1_81' title='bbox 200 1914 333 1968; x_wconf 88' lang='lat' dir='ltr'>omnibus</span> <span class='ocrx_word' id='word_1_82' title='bbox 350 1915 545 1970; x_wconf 80' lang='lat' dir='ltr'>libertatibus.</span> 
     </span>
    </p>

    <p class='ocr_par' dir='ltr' id='par_1_4' title="bbox 200 1997 1246 2157">
     <span class='ocr_line' id='line_1_12' title="bbox 233 1997 1246 2070; baseline 0 -18"><span class='ocrx_word' id='word_1_83' title='bbox 233 1997 393 2053; x_wconf 82' lang='lat' dir='ltr'>Reddeudo</span> <span class='ocrx_word' id='word_1_84' title='bbox 410 1999 478 2053; x_wconf 83' lang='lat' dir='ltr'>iude</span> <span class='ocrx_word' id='word_1_85' title='bbox 496 2001 646 2056; x_wconf 87' lang='lat' dir='ltr'>annuatim</span> <span class='ocrx_word' id='word_1_86' title='bbox 663 2000 700 2055; x_wconf 90' lang='lat' dir='ltr'>ad</span> <span class='ocrx_word' id='word_1_87' title='bbox 718 1999 824 2056; x_wconf 84' lang='lat' dir='ltr'>Natale</span> <span class='ocrx_word' id='word_1_88' title='bbox 843 2018 930 2055; x_wconf 88' lang='lat' dir='ltr'>unam</span> <span class='ocrx_word' id='word_1_89' title='bbox 948 1999 1055 2056; x_wconf 89' lang='lat' dir='ltr'>libram</span> <span class='ocrx_word' id='word_1_90' title='bbox 1066 1997 1168 2055; x_wconf 86' lang='lat' dir='ltr'>cimini</span> <span class='ocrx_word' id='word_1_91' title='bbox 1192 2015 1246 2070; x_wconf 87' lang='lat' dir='ltr'>pro</span> 
     </span>
     <span class='ocr_line' id='line_1_13' title="bbox 200 2083 825 2157; baseline 0.006 -21"><span class='ocrx_word' id='word_1_92' title='bbox 200 2083 277 2137; x_wconf 90' lang='lat' dir='ltr'>omni</span> <span class='ocrx_word' id='word_1_93' title='bbox 296 2085 425 2149; x_wconf 78' lang='lat' dir='ltr'>servitio,</span> <span class='ocrx_word' id='word_1_94' title='bbox 445 2093 565 2156; x_wconf 80' lang='lat' dir='ltr'>excepto</span> <span class='ocrx_word' id='word_1_95' title='bbox 582 2086 677 2157; x_wconf 88' lang='lat' dir='ltr'>regali</span> <span class='ocrx_word' id='word_1_96' title='bbox 695 2086 825 2140; x_wconf 78' lang='lat' dir='ltr'>servitio.</span> 
     </span>
    </p>

    <p class='ocr_par' dir='ltr' id='par_1_5' title="bbox 200 2167 1247 2402">
     <span class='ocr_line' id='line_1_14' title="bbox 234 2167 1247 2239; baseline 0.003 -20"><span class='ocrx_word' id='word_1_97' title='bbox 234 2167 273 2220; x_wconf 82' lang='lat' dir='ltr'>Et</span> <span class='ocrx_word' id='word_1_98' title='bbox 290 2168 360 2237; x_wconf 86' lang='lat' dir='ltr'>quia</span> <span class='ocrx_word' id='word_1_99' title='bbox 376 2169 443 2223; x_wconf 78' lang='lat' dir='ltr'>volo</span> <span class='ocrx_word' id='word_1_100' title='bbox 462 2169 536 2224; x_wconf 90' lang='lat' dir='ltr'>hauc</span> <span class='ocrx_word' id='word_1_101' title='bbox 553 2188 648 2224; x_wconf 87' lang='lat' dir='ltr'>meam</span> <span class='ocrx_word' id='word_1_102' title='bbox 666 2170 850 2224; x_wconf 86' lang='lat' dir='ltr'>donatiouem</span> <span class='ocrx_word' id='word_1_103' title='bbox 874 2170 989 2224; x_wconf 84' lang='lat' dir='ltr'>firmam</span> <span class='ocrx_word' id='word_1_104' title='bbox 1013 2177 1043 2224; x_wconf 86' lang='lat' dir='ltr'>et</span> <span class='ocrx_word' id='word_1_105' title='bbox 1065 2174 1158 2224; x_wconf 80' lang='lat' dir='ltr'>ratam</span> <span class='ocrx_word' id='word_1_106' title='bbox 1182 2185 1247 2239; x_wconf 86' lang='lat' dir='ltr'>per·</span> 
     </span>
     <span class='ocr_line' id='line_1_15' title="bbox 200 2254 1247 2325; baseline 0.002 -20"><span class='ocrx_word' id='word_1_107' title='bbox 200 2268 324 2315; x_wconf 82' lang='lat' dir='ltr'>manere,</span> <span class='ocrx_word' id='word_1_108' title='bbox 344 2255 497 2323; x_wconf 66' lang='lat' dir='ltr'>praesentis</span> <span class='ocrx_word' id='word_1_109' title='bbox 516 2262 602 2309; x_wconf 81' lang='lat' dir='ltr'>cartae</span> <span class='ocrx_word' id='word_1_110' title='bbox 620 2256 803 2310; x_wconf 78' lang='lat' dir='ltr'>attestatione</span> <span class='ocrx_word' id='word_1_111' title='bbox 822 2262 852 2309; x_wconf 86' lang='lat' dir='ltr'>et</span> <span class='ocrx_word' id='word_1_112' title='bbox 870 2255 962 2324; x_wconf 85' lang='lat' dir='ltr'>sigilli</span> <span class='ocrx_word' id='word_1_113' title='bbox 981 2254 1039 2309; x_wconf 87' lang='lat' dir='ltr'>mei</span> <span class='ocrx_word' id='word_1_114' title='bbox 1058 2254 1247 2325; x_wconf 82' lang='lat' dir='ltr'>impressione</span> 
     </span>
     <span class='ocr_line' id='line_1_16' title="bbox 201 2336 453 2402; baseline 0.008 -13"><span class='ocrx_word' id='word_1_115' title='bbox 201 2336 377 2402; x_wconf 78' lang='lat' dir='ltr'>confirmavi,</span> <span class='ocrx_word' id='word_1_116' title='bbox 398 2347 453 2393; x_wconf 80' lang='lat' dir='ltr'>etc.</span> 
     </span>
    </p>
   </div>
   <div class='ocr_carea' id='block_1_4' title="bbox 498 2611 957 2679">
    <p class='ocr_par' dir='ltr' id='par_1_6' title="bbox 498 2611 957 2679">
     <span class='ocr_line' id='line_1_17' title="bbox 498 2611 957 2679; baseline 0 -3"><span class='ocrx_word' id='word_1_117' title='bbox 498 2611 752 2678; x_wconf 80' lang='lat' dir='ltr'>DCLXXXIII.</span> <span class='ocrx_word' id='word_1_118' title='bbox 776 2613 824 2678; x_wconf 81' lang='lat' dir='ltr'>Dc</span> <span class='ocrx_word' id='word_1_119' title='bbox 839 2613 957 2679; x_wconf 76' lang='lat' dir='ltr'>eodem.</span> 
     </span>
    </p>
   </div>
   <div class='ocr_carea' id='block_1_5' title="bbox 202 2774 1348 3775">
    <p class='ocr_par' dir='ltr' id='par_1_7' title="bbox 202 2774 1348 3695">
     <span class='ocr_line' id='line_1_18' title="bbox 237 2774 1348 2851; baseline 0.009 -22"><span class='ocrx_word' id='word_1_120' title='bbox 237 2774 337 2830; x_wconf 78' lang='lat' dir='ltr'>Sciant</span> <span class='ocrx_word' id='word_1_121' title='bbox 353 2782 512 2847; x_wconf 78' lang='lat' dir='ltr'>praesoutcs</span> <span class='ocrx_word' id='word_1_122' title='bbox 531 2785 561 2832; x_wconf 91' lang='lat' dir='ltr'>et</span> <span class='ocrx_word' id='word_1_123' title='bbox 579 2779 681 2844; x_wconf 82' lang='lat' dir='ltr'>futuri,</span> <span class='ocrx_word' id='word_1_124' title='bbox 702 2779 780 2851; x_wconf 90' lang='lat' dir='ltr'>quod</span> <span class='ocrx_word' id='word_1_125' title='bbox 798 2797 854 2849; x_wconf 90' lang='lat' dir='ltr'>ego</span> <span class='ocrx_word' id='word_1_126' title='bbox 864 2778 1014 2834; x_wconf 84' lang='lat' dir='ltr'>Walterus</span> <span class='ocrx_word' id='word_1_127' title='bbox 1033 2776 1165 2832; x_wconf 76' lang='lat' dir='ltr'>Giffard²</span> <span class='ocrx_word' id='word_1_128' title='bbox 1180 2797 1247 2834; x_wconf 90' lang='lat' dir='ltr'>con·</span> <span class='ocrx_word' id='word_1_129' title='bbox 1259 2789 1348 2839; x_wconf 79' lang='lat' dir='ltr'>Osthe</span> 
     </span>
     <span class='ocr_line' id='line_1_19' title="bbox 202 2860 1335 2928; baseline 0.004 -16"><span class='ocrx_word' id='word_1_130' title='bbox 202 2860 275 2913; x_wconf 85' lang='lat' dir='ltr'>cessi</span> <span class='ocrx_word' id='word_1_131' title='bbox 294 2860 366 2924; x_wconf 86' lang='lat' dir='ltr'>Deo,</span> <span class='ocrx_word' id='word_1_132' title='bbox 386 2870 416 2914; x_wconf 84' lang='lat' dir='ltr'>et</span> <span class='ocrx_word' id='word_1_133' title='bbox 440 2863 571 2917; x_wconf 68' lang='lat' dir='ltr'>ecelesia)</span> <span class='ocrx_word' id='word_1_134' title='bbox 591 2863 690 2918; x_wconf 82' lang='lat' dir='ltr'>Sancti</span> <span class='ocrx_word' id='word_1_135' title='bbox 709 2865 790 2918; x_wconf 85' lang='lat' dir='ltr'>Petri</span> <span class='ocrx_word' id='word_1_136' title='bbox 818 2864 1019 2928; x_wconf 80' lang='lat' dir='ltr'>Gloueestriae,</span> <span class='ocrx_word' id='word_1_137' title='bbox 1039 2872 1070 2918; x_wconf 91' lang='lat' dir='ltr'>et</span> <span class='ocrx_word' id='word_1_138' title='bbox 1095 2864 1193 2918; x_wconf 84' lang='lat' dir='ltr'>abbati</span> <span class='ocrx_word' id='word_1_139' title='bbox 1216 2870 1335 2917; x_wconf 70' lang='lat' dir='ltr'>etme-</span> 
     </span>
     <span class='ocr_line' id='line_1_20' title="bbox 202 2944 1248 3018; baseline 0.008 -22"><span class='ocrx_word' id='word_1_140' title='bbox 202 2944 348 2999; x_wconf 84' lang='lat' dir='ltr'>monachis</span> <span class='ocrx_word' id='word_1_141' title='bbox 376 2945 485 3000; x_wconf 87' lang='lat' dir='ltr'>ibidem</span> <span class='ocrx_word' id='word_1_142' title='bbox 504 2946 567 3002; x_wconf 90' lang='lat' dir='ltr'>Deo</span> <span class='ocrx_word' id='word_1_143' title='bbox 594 2949 798 3012; x_wconf 78' lang='lat' dir='ltr'>servientibus,</span> <span class='ocrx_word' id='word_1_144' title='bbox 819 2950 897 3018; x_wconf 91' lang='lat' dir='ltr'>quod</span> <span class='ocrx_word' id='word_1_145' title='bbox 923 2949 1050 3004; x_wconf 88' lang='lat' dir='ltr'>habeant</span> <span class='ocrx_word' id='word_1_146' title='bbox 1074 2955 1105 3003; x_wconf 85' lang='lat' dir='ltr'>et</span> <span class='ocrx_word' id='word_1_147' title='bbox 1130 2955 1248 3004; x_wconf 78' lang='lat' dir='ltr'>teneant</span> 
     </span>
     <span class='ocr_line' id='line_1_21' title="bbox 203 3027 1248 3105; baseline 0.007 -23"><span class='ocrx_word' id='word_1_148' title='bbox 203 3027 233 3081; x_wconf 91' lang='lat' dir='ltr'>in</span> <span class='ocrx_word' id='word_1_149' title='bbox 256 3040 432 3101; x_wconf 88' lang='lat' dir='ltr'>perpetuum</span> <span class='ocrx_word' id='word_1_150' title='bbox 456 3049 554 3085; x_wconf 86' lang='lat' dir='ltr'>acram</span> <span class='ocrx_word' id='word_1_151' title='bbox 579 3032 661 3087; x_wconf 87' lang='lat' dir='ltr'>illam</span> <span class='ocrx_word' id='word_1_152' title='bbox 687 3051 752 3103; x_wconf 83' lang='lat' dir='ltr'>quae</span> <span class='ocrx_word' id='word_1_153' title='bbox 774 3034 854 3103; x_wconf 85' lang='lat' dir='ltr'>jacet</span> <span class='ocrx_word' id='word_1_154' title='bbox 880 3035 1012 3104; x_wconf 85' lang='lat' dir='ltr'>proxima</span> <span class='ocrx_word' id='word_1_155' title='bbox 1038 3040 1104 3088; x_wconf 84' lang='lat' dir='ltr'>aute</span> <span class='ocrx_word' id='word_1_156' title='bbox 1134 3040 1248 3105; x_wconf 84' lang='lat' dir='ltr'>portam</span> 
     </span>
     <span class='ocr_line' id='line_1_22' title="bbox 202 3113 1249 3189; baseline 0.005 -22"><span class='ocrx_word' id='word_1_157' title='bbox 202 3113 290 3167; x_wconf 73' lang='lat' dir='ltr'>curiae</span> <span class='ocrx_word' id='word_1_158' title='bbox 314 3134 375 3169; x_wconf 83' lang='lat' dir='ltr'>suae</span> <span class='ocrx_word' id='word_1_159' title='bbox 399 3117 430 3168; x_wconf 90' lang='lat' dir='ltr'>in</span> <span class='ocrx_word' id='word_1_160' title='bbox 454 3115 624 3171; x_wconf 85' lang='lat' dir='ltr'>occidentali</span> <span class='ocrx_word' id='word_1_161' title='bbox 650 3123 733 3187; x_wconf 82' lang='lat' dir='ltr'>purte</span> <span class='ocrx_word' id='word_1_162' title='bbox 757 3117 787 3170; x_wconf 90' lang='lat' dir='ltr'>in</span> <span class='ocrx_word' id='word_1_163' title='bbox 812 3116 1018 3188; x_wconf 79' lang='lat' dir='ltr'>Ullingewike,</span> <span class='ocrx_word' id='word_1_164' title='bbox 1039 3136 1091 3189; x_wconf 85' lang='lat' dir='ltr'>pro</span> <span class='ocrx_word' id='word_1_165' title='bbox 1110 3136 1168 3189; x_wconf 87' lang='lat' dir='ltr'>qua</span> <span class='ocrx_word' id='word_1_166' title='bbox 1192 3119 1249 3188; x_wconf 85' lang='lat' dir='ltr'>ipsi</span> 
     </span>
     <span class='ocr_line' id='line_1_23' title="bbox 202 3195 1250 3272; baseline 0.002 -20"><span class='ocrx_word' id='word_1_167' title='bbox 202 3195 342 3253; x_wconf 78' lang='lat' dir='ltr'>dederunt</span> <span class='ocrx_word' id='word_1_168' title='bbox 359 3200 432 3254; x_wconf 92' lang='lat' dir='ltr'>mihi</span> <span class='ocrx_word' id='word_1_169' title='bbox 450 3200 538 3254; x_wconf 91' lang='lat' dir='ltr'>aliam</span> <span class='ocrx_word' id='word_1_170' title='bbox 556 3219 653 3255; x_wconf 86' lang='lat' dir='ltr'>acram</span> <span class='ocrx_word' id='word_1_171' title='bbox 672 3203 703 3254; x_wconf 91' lang='lat' dir='ltr'>in</span> <span class='ocrx_word' id='word_1_172' title='bbox 728 3200 873 3255; x_wconf 78' lang='lat' dir='ltr'>escambio</span> <span class='ocrx_word' id='word_1_173' title='bbox 898 3219 989 3272; x_wconf 85' lang='lat' dir='ltr'>propo</span> <span class='ocrx_word' id='word_1_174' title='bbox 1015 3201 1192 3255; x_wconf 76' lang='lat' dir='ltr'>cimiterium</span> <span class='ocrx_word' id='word_1_175' title='bbox 1219 3201 1250 3254; x_wconf 91' lang='lat' dir='ltr'>in</span> 
     </span>
     <span class='ocr_line' id='line_1_24' title="bbox 203 3283 1250 3356; baseline 0.001 -19"><span class='ocrx_word' id='word_1_176' title='bbox 203 3283 302 3337; x_wconf 83' lang='lat' dir='ltr'>eadem</span> <span class='ocrx_word' id='word_1_177' title='bbox 319 3286 443 3339; x_wconf 86' lang='lat' dir='ltr'>cultura.</span> <span class='ocrx_word' id='word_1_178' title='bbox 481 3285 619 3340; x_wconf 85' lang='lat' dir='ltr'>Concessi</span> <span class='ocrx_word' id='word_1_179' title='bbox 633 3286 720 3340; x_wconf 85' lang='lat' dir='ltr'>etiam</span> <span class='ocrx_word' id='word_1_180' title='bbox 733 3285 853 3350; x_wconf 86' lang='lat' dir='ltr'>eisdem,</span> <span class='ocrx_word' id='word_1_181' title='bbox 867 3285 897 3339; x_wconf 90' lang='lat' dir='ltr'>in</span> <span class='ocrx_word' id='word_1_182' title='bbox 910 3293 1080 3356; x_wconf 88' lang='lat' dir='ltr'>perpetuam</span> <span class='ocrx_word' id='word_1_183' title='bbox 1097 3292 1128 3338; x_wconf 88' lang='lat' dir='ltr'>et</span> <span class='ocrx_word' id='word_1_184' title='bbox 1146 3303 1250 3356; x_wconf 89' lang='lat' dir='ltr'>purum</span> 
     </span>
     <span class='ocr_line' id='line_1_25' title="bbox 203 3368 1250 3439; baseline 0.001 -19"><span class='ocrx_word' id='word_1_185' title='bbox 203 3368 399 3432; x_wconf 80' lang='lat' dir='ltr'>elemosinam,</span> <span class='ocrx_word' id='word_1_186' title='bbox 415 3368 493 3439; x_wconf 88' lang='lat' dir='ltr'>quod</span> <span class='ocrx_word' id='word_1_187' title='bbox 511 3369 636 3424; x_wconf 80' lang='lat' dir='ltr'>habeant</span> <span class='ocrx_word' id='word_1_188' title='bbox 655 3370 782 3425; x_wconf 85' lang='lat' dir='ltr'>liberum</span> <span class='ocrx_word' id='word_1_189' title='bbox 801 3370 955 3424; x_wconf 86' lang='lat' dir='ltr'>introitum</span> <span class='ocrx_word' id='word_1_190' title='bbox 973 3377 1003 3424; x_wconf 90' lang='lat' dir='ltr'>et</span> <span class='ocrx_word' id='word_1_191' title='bbox 1021 3370 1141 3433; x_wconf 80' lang='lat' dir='ltr'>exitum,</span> <span class='ocrx_word' id='word_1_192' title='bbox 1161 3376 1192 3422; x_wconf 88' lang='lat' dir='ltr'>et</span> <span class='ocrx_word' id='word_1_193' title='bbox 1210 3369 1250 3422; x_wconf 85' lang='lat' dir='ltr'>sit</span> 
     </span>
     <span class='ocr_line' id='line_1_26' title="bbox 204 3452 1250 3526; baseline 0.001 -21"><span class='ocrx_word' id='word_1_194' title='bbox 204 3453 362 3506; x_wconf 84' lang='lat' dir='ltr'>communis</span> <span class='ocrx_word' id='word_1_195' title='bbox 381 3453 430 3506; x_wconf 75' lang='lat' dir='ltr'>via</span> <span class='ocrx_word' id='word_1_196' title='bbox 447 3452 519 3506; x_wconf 87' lang='lat' dir='ltr'>mibi</span> <span class='ocrx_word' id='word_1_197' title='bbox 538 3465 568 3508; x_wconf 84' lang='lat' dir='ltr'>et</span> <span class='ocrx_word' id='word_1_198' title='bbox 585 3455 659 3525; x_wconf 83' lang='lat' dir='ltr'>ipsis</span> <span class='ocrx_word' id='word_1_199' title='bbox 678 3473 730 3526; x_wconf 89' lang='lat' dir='ltr'>per</span> <span class='ocrx_word' id='word_1_200' title='bbox 748 3468 858 3509; x_wconf 80' lang='lat' dir='ltr'>terrum</span> <span class='ocrx_word' id='word_1_201' title='bbox 876 3473 971 3508; x_wconf 81' lang='lat' dir='ltr'>meam</span> <span class='ocrx_word' id='word_1_202' title='bbox 990 3473 1055 3524; x_wconf 77' lang='lat' dir='ltr'>qum</span> <span class='ocrx_word' id='word_1_203' title='bbox 1070 3453 1150 3524; x_wconf 86' lang='lat' dir='ltr'>jacet</span> <span class='ocrx_word' id='word_1_204' title='bbox 1164 3453 1250 3523; x_wconf 78' lang='lat' dir='ltr'>juxta</span> 
     </span>
     <span class='ocr_line' id='line_1_27' title="bbox 204 3535 1248 3611; baseline 0 -22"><span class='ocrx_word' id='word_1_205' title='bbox 204 3536 342 3589; x_wconf 78' lang='lat' dir='ltr'>fossatum</span> <span class='ocrx_word' id='word_1_206' title='bbox 361 3537 451 3591; x_wconf 82' lang='lat' dir='ltr'>ouriae</span> <span class='ocrx_word' id='word_1_207' title='bbox 470 3555 530 3590; x_wconf 78' lang='lat' dir='ltr'>sum</span> <span class='ocrx_word' id='word_1_208' title='bbox 550 3538 580 3591; x_wconf 92' lang='lat' dir='ltr'>iu</span> <span class='ocrx_word' id='word_1_209' title='bbox 598 3540 731 3594; x_wconf 79' lang='lat' dir='ltr'>orientali</span> <span class='ocrx_word' id='word_1_210' title='bbox 750 3545 841 3611; x_wconf 80' lang='lat' dir='ltr'>parto,</span> <span class='ocrx_word' id='word_1_211' title='bbox 862 3544 892 3592; x_wconf 88' lang='lat' dir='ltr'>et</span> <span class='ocrx_word' id='word_1_212' title='bbox 911 3539 977 3593; x_wconf 90' lang='lat' dir='ltr'>indo</span> <span class='ocrx_word' id='word_1_213' title='bbox 1002 3557 1097 3609; x_wconf 86' lang='lat' dir='ltr'>usque</span> <span class='ocrx_word' id='word_1_214' title='bbox 1121 3537 1158 3594; x_wconf 82' lang='lat' dir='ltr'>od</span> <span class='ocrx_word' id='word_1_215' title='bbox 1181 3535 1248 3591; x_wconf 84' lang='lat' dir='ltr'>ohe·</span> 
     </span>
     <span class='ocr_line' id='line_1_28' title="bbox 204 3619 1093 3695; baseline 0.007 -23"><span class='ocrx_word' id='word_1_216' title='bbox 204 3619 313 3673; x_wconf 91' lang='lat' dir='ltr'>minum</span> <span class='ocrx_word' id='word_1_217' title='bbox 332 3621 382 3689; x_wconf 87' lang='lat' dir='ltr'>qui</span> <span class='ocrx_word' id='word_1_218' title='bbox 401 3621 494 3674; x_wconf 83' lang='lat' dir='ltr'>estin</span> <span class='ocrx_word' id='word_1_219' title='bbox 513 3622 685 3678; x_wconf 85' lang='lat' dir='ltr'>occidentali</span> <span class='ocrx_word' id='word_1_220' title='bbox 705 3632 786 3694; x_wconf 80' lang='lat' dir='ltr'>parte</span> <span class='ocrx_word' id='word_1_221' title='bbox 804 3642 908 3680; x_wconf 72' lang='lat' dir='ltr'>vorsus</span> <span class='ocrx_word' id='word_1_222' title='bbox 927 3623 1093 3695; x_wconf 86' lang='lat' dir='ltr'>gardinum.</span> 
     </span>
    </p>

    <p class='ocr_par' dir='ltr' id='par_1_8' title="bbox 237 3703 607 3775">
     <span class='ocr_line' id='line_1_29' title="bbox 237 3703 607 3775; baseline 0.005 -17"><span class='ocrx_word' id='word_1_223' title='bbox 237 3703 321 3771; x_wconf 81' lang='lat' dir='ltr'>Quod</span> <span class='ocrx_word' id='word_1_224' title='bbox 338 3704 408 3775; x_wconf 85' lang='lat' dir='ltr'>quia</span> <span class='ocrx_word' id='word_1_225' title='bbox 425 3710 532 3769; x_wconf 89' lang='lat' dir='ltr'>ratum,</span> <span class='ocrx_word' id='word_1_226' title='bbox 552 3715 607 3760; x_wconf 87' lang='lat' dir='ltr'>etc.</span> 
     </span>
    </p>
   </div>
   <div class='ocr_carea' id='block_1_6' title="bbox 498 3976 960 4046">
    <p class='ocr_par' dir='ltr' id='par_1_9' title="bbox 498 3976 960 4046">
     <span class='ocr_line' id='line_1_30' title="bbox 498 3976 960 4046; baseline -0.002 -3"><span class='ocrx_word' id='word_1_227' title='bbox 498 3976 747 4045; x_wconf 79' lang='lat' dir='ltr'><strong>DCLXXXIV.</strong></span> <span class='ocrx_word' id='word_1_228' title='bbox 769 3978 819 4044; x_wconf 83' lang='lat' dir='ltr'>De</span> <span class='ocrx_word' id='word_1_229' title='bbox 840 3977 960 4046; x_wconf 71' lang='lat' dir='ltr'>cocleae.</span> 
     </span>
    </p>
   </div>
   <div class='ocr_carea' id='block_1_7' title="bbox 201 4142 1352 4470">
    <p class='ocr_par' dir='ltr' id='par_1_10' title="bbox 201 4142 1352 4470">
     <span class='ocr_line' id='line_1_31' title="bbox 238 4142 1352 4216; baseline -0.004 -16"><span class='ocrx_word' id='word_1_230' title='bbox 238 4142 339 4200; x_wconf 83' lang='lat' dir='ltr'>Sciant</span> <span class='ocrx_word' id='word_1_231' title='bbox 361 4154 521 4216; x_wconf 65' lang='lat' dir='ltr'>praesentes</span> <span class='ocrx_word' id='word_1_232' title='bbox 547 4153 577 4200; x_wconf 88' lang='lat' dir='ltr'>et</span> <span class='ocrx_word' id='word_1_233' title='bbox 608 4145 709 4211; x_wconf 87' lang='lat' dir='ltr'>futuri,</span> <span class='ocrx_word' id='word_1_234' title='bbox 738 4144 816 4215; x_wconf 90' lang='lat' dir='ltr'>quod</span> <span class='ocrx_word' id='word_1_235' title='bbox 846 4163 901 4216; x_wconf 88' lang='lat' dir='ltr'>ego</span> <span class='ocrx_word' id='word_1_236' title='bbox 927 4144 1075 4201; x_wconf 63' lang='lat' dir='ltr'>walterus</span> <span class='ocrx_word' id='word_1_237' title='bbox 1101 4142 1248 4200; x_wconf 84' lang='lat' dir='ltr'>Giffardus</span> <span class='ocrx_word' id='word_1_238' title='bbox 1263 4144 1352 4195; x_wconf 68' lang='lat' dir='ltr'>orne</span> 
     </span>
     <span class='ocr_line' id='line_1_32' title="bbox 202 4226 1338 4294; baseline 0.001 -10"><span class='ocrx_word' id='word_1_239' title='bbox 202 4230 326 4285; x_wconf 84' lang='lat' dir='ltr'>concedo</span> <span class='ocrx_word' id='word_1_240' title='bbox 344 4237 375 4284; x_wconf 86' lang='lat' dir='ltr'>et</span> <span class='ocrx_word' id='word_1_241' title='bbox 392 4231 530 4285; x_wconf 88' lang='lat' dir='ltr'>confirmo</span> <span class='ocrx_word' id='word_1_242' title='bbox 548 4230 681 4284; x_wconf 65' lang='lat' dir='ltr'>eeclesias</span> <span class='ocrx_word' id='word_1_243' title='bbox 699 4229 784 4284; x_wconf 84' lang='lat' dir='ltr'>Beati</span> <span class='ocrx_word' id='word_1_244' title='bbox 797 4230 879 4284; x_wconf 87' lang='lat' dir='ltr'>Petri</span> <span class='ocrx_word' id='word_1_245' title='bbox 892 4230 1094 4294; x_wconf 82' lang='lat' dir='ltr'>Gloucestriae,</span> <span class='ocrx_word' id='word_1_246' title='bbox 1108 4237 1139 4285; x_wconf 89' lang='lat' dir='ltr'>et</span> <span class='ocrx_word' id='word_1_247' title='bbox 1149 4230 1248 4285; x_wconf 85' lang='lat' dir='ltr'>abbati</span> <span class='ocrx_word' id='word_1_248' title='bbox 1261 4226 1338 4263; x_wconf 66' lang='lat'>‘¹¹³²‘</span> 
     </span>
     <span class='ocr_line' id='line_1_33' title="bbox 201 4313 1247 4386; baseline 0.002 -18"><span class='ocrx_word' id='word_1_249' title='bbox 201 4318 231 4368; x_wconf 91' lang='lat' dir='ltr'>et</span> <span class='ocrx_word' id='word_1_250' title='bbox 247 4314 396 4369; x_wconf 85' lang='lat' dir='ltr'>monachis</span> <span class='ocrx_word' id='word_1_251' title='bbox 415 4314 524 4369; x_wconf 88' lang='lat' dir='ltr'>ibidem</span> <span class='ocrx_word' id='word_1_252' title='bbox 543 4313 606 4370; x_wconf 90' lang='lat' dir='ltr'>Deo</span> <span class='ocrx_word' id='word_1_253' title='bbox 624 4314 831 4381; x_wconf 82' lang='lat' dir='ltr'>servientibus,</span> <span class='ocrx_word' id='word_1_254' title='bbox 851 4333 905 4386; x_wconf 89' lang='lat' dir='ltr'>pro</span> <span class='ocrx_word' id='word_1_255' title='bbox 923 4315 1018 4370; x_wconf 81' lang='lat' dir='ltr'>salute</span> <span class='ocrx_word' id='word_1_256' title='bbox 1036 4315 1141 4370; x_wconf 79' lang='lat' dir='ltr'>auimae</span> <span class='ocrx_word' id='word_1_257' title='bbox 1165 4331 1247 4381; x_wconf 83' lang='lat' dir='ltr'>meae,</span> 
     </span>
     <span class='ocr_line' id='line_1_34' title="bbox 202 4399 1249 4470; baseline 0.002 -16"><span class='ocrx_word' id='word_1_258' title='bbox 202 4405 232 4454; x_wconf 88' lang='lat' dir='ltr'>et</span> <span class='ocrx_word' id='word_1_259' title='bbox 260 4417 314 4470; x_wconf 86' lang='lat' dir='ltr'>pro</span> <span class='ocrx_word' id='word_1_260' title='bbox 343 4399 497 4455; x_wconf 84' lang='lat' dir='ltr'>animabus</span> <span class='ocrx_word' id='word_1_261' title='bbox 533 4399 625 4470; x_wconf 85' lang='lat' dir='ltr'>patris</span> <span class='ocrx_word' id='word_1_262' title='bbox 656 4406 687 4455; x_wconf 92' lang='lat' dir='ltr'>et</span> <span class='ocrx_word' id='word_1_263' title='bbox 715 4401 817 4456; x_wconf 86' lang='lat' dir='ltr'>matris</span> <span class='ocrx_word' id='word_1_264' title='bbox 853 4417 936 4465; x_wconf 83' lang='lat' dir='ltr'>meae,</span> <span class='ocrx_word' id='word_1_265' title='bbox 967 4406 997 4455; x_wconf 85' lang='lat' dir='ltr'>ot</span> <span class='ocrx_word' id='word_1_266' title='bbox 1032 4407 1249 4456; x_wconf 82' lang='lat' dir='ltr'>autecessorum</span> 
     </span>
    </p>
   </div>
   <div class='ocr_carea' id='block_1_8' title="bbox 201 4607 1253 4836">
    <p class='ocr_par' dir='ltr' id='par_1_11' title="bbox 201 4607 1253 4836">
     <span class='ocr_line' id='line_1_35' title="bbox 236 4607 1253 4676; baseline 0.004 -18"><span class='ocrx_word' id='word_1_267' title='bbox 236 4608 244 4638; x_wconf 93' lang='lat'>¹</span> <span class='ocrx_word' id='word_1_268' title='bbox 263 4607 377 4675; x_wconf 65' lang='lat' dir='ltr'>Rotae]</span> <span class='ocrx_word' id='word_1_269' title='bbox 396 4609 561 4674; x_wconf 71' lang='lat' dir='ltr'>Repentedin</span> <span class='ocrx_word' id='word_1_270' title='bbox 579 4610 703 4671; x_wconf 80' lang='lat' dir='ltr'>MS.‚but</span> <span class='ocrx_word' id='word_1_271' title='bbox 785 4612 796 4640; x_wconf 87' lang='lat'>²</span> <span class='ocrx_word' id='word_1_272' title='bbox 814 4609 932 4676; x_wconf 76' lang='lat' dir='ltr'>Gtffurd]</span> <span class='ocrx_word' id='word_1_273' title='bbox 951 4609 1253 4663; x_wconf 67' lang='lat' dir='ltr'>Tbedinthissordis</span> 
     </span>
     <span class='ocr_line' id='line_1_36' title="bbox 202 4688 1047 4742; baseline 0.004 -4"><span class='ocrx_word' id='word_1_274' title='bbox 202 4688 510 4741; x_wconf 77' lang='lat' dir='ltr'>tberedundaotvordia</span> <span class='ocrx_word' id='word_1_275' title='bbox 526 4690 631 4742; x_wconf 73' lang='lat' dir='ltr'>marked</span> <span class='ocrx_word' id='word_1_276' title='bbox 641 4690 704 4741; x_wconf 68' lang='lat' dir='ltr'>with</span> <span class='ocrx_word' id='word_1_277' title='bbox 755 4689 1047 4742; x_wconf 73' lang='lat' dir='ltr'>interlinedinthelffi.</span> 
     </span>
     <span class='ocr_line' id='line_1_37' title="bbox 201 4769 473 4836; baseline 0.015 -17"><span class='ocrx_word' id='word_1_278' title='bbox 201 4769 473 4836; x_wconf 70' lang='lat' dir='ltr'>tbea&#39;guofm</span> 
     </span>
    </p>
   </div>
   <div class='ocr_carea' id='block_1_9' title="bbox 0 0 1621 5640">
    <p class='ocr_par' dir='ltr' id='par_1_12' title="bbox 0 0 1621 5640">
     <span class='ocr_line' id='line_1_38' title="bbox 0 0 1621 5640; baseline 0 0"><span class='ocrx_word' id='word_1_279' title='bbox 0 0 1621 5640; x_wconf 95' lang='lat' dir='ltr'> </span> 
     </span>
    </p>
   </div>
  </div>
 </body>
</html>
