3218 5640
374 728 417 797 70
656 739 904 794 castanasium
925 744 1136 794 uosasrsau

375 917 575 982 Gloueestriar,
614 923 644 973 et
684 917 815 973 hominos
857 937 933 983 suos,
975 925 1078 983 terras,
1116 937 1173 983 res,
1211 917 1351 985 redditus,
1390 927 1422 977 et

375 1020 474 1057 omncs
492 1002 689 1072 possessiones
708 1020 794 1066 suas;
823 1011 853 1057 et
876 1003 942 1057 ideo
959 1004 1042 1058 vobis
1061 1003 1232 1059 mandamus
1251 1005 1329 1075 qnod
1346 1023 1421 1076 prm-

375 1086 468 1141 dietos
495 1086 629 1141 abbatem
656 1093 685 1139 et
709 1082 873 1151 monachos,
903 1092 933 1142 et
957 1086 1088 1142 homines
1115 1106 1192 1152 suos,
1223 1094 1328 1154 terras,
1358 1106 1419 1154 res,

374 1169 515 1233 redditus,
535 1177 565 1223 et
589 1188 688 1223 omnes
706 1171 903 1240 possessiones
922 1189 989 1225 suas
1007 1171 1227 1236 manuteneatis,
1247 1174 1421 1244 protegatis,

374 1259 404 1308 ct
431 1253 602 1317 defendatis,
622 1254 734 1308 nullam
759 1255 802 1309 eis
829 1255 986 1309 inferentes
1013 1261 1063 1309 aut
1088 1256 1191 1310 inferri
1217 1257 1421 1326 permittentes

374 1337 521 1407 iujuriam,
550 1337 724 1402 molestiam,
751 1337 898 1401 damnum,
927 1345 978 1392 aut
1008 1357 1175 1408 gravamen.
1224 1340 1264 1394 Et
1293 1340 1320 1394 si
1349 1341 1423 1411 quid

374 1422 416 1476 eis
436 1422 525 1476 fuerit
542 1422 734 1486 forisfactum,
755 1422 785 1475 id
804 1423 847 1475 cis
866 1422 927 1476 sine
947 1422 1085 1477 dilatione
1103 1423 1193 1477 facias
1212 1424 1370 1479 emendari.

408 1505 477 1560 Hiis
495 1506 630 1569 testibus,
645 1505 664 1559 J
668 1502 804 1575 [ocelino]
819 1506 1016 1569 Bathoniansi,
1037 1504 1190 1574 R[ieardo]
1212 1505 1422 1562 saresbiriensi

375 1589 527 1661 episeopis,
542 1587 704 1660 H[uberto]
719 1589 755 1643 de
768 1589 870 1660 Burgo
882 1591 987 1645 comite
1000 1590 1121 1654 Cantim,
1132 1590 1297 1660 justiciario
1309 1597 1420 1655 nostro,

374 1673 528 1744 Radulpho
558 1674 619 1728 filio
647 1673 793 1736 Nicholai,
825 1673 951 1728 Ricardo
977 1674 1013 1728 de
1043 1672 1217 1744 mgentem,
1249 1674 1420 1730 senescallis

373 1757 490 1822 nostris,
510 1758 639 1812 Henrico
658 1757 693 1811 do
712 1757 841 1827 Capella,
862 1763 892 1812 et
909 1758 984 1812 aliis.

410 1841 518 1896 Datum
554 1860 607 1912 per
642 1859 761 1895 manum
797 1841 973 1896 venerabilis
1010 1838 1186 1912 R[adulphi]
1218 1840 1421 1913 Cyeestrensis

373 1925 502 1996 episcopi
526 1926 692 1980 cancellarii
718 1925 820 1989 nostri,
847 1924 925 1995 apud
949 1923 1251 1990 westmonasterium,
1280 1925 1422 1982 vicesimo

372 2009 460 2064 tertio
477 2008 524 2063 die
542 2008 652 2072 Martii,
674 2026 747 2063 anno
764 2008 850 2075 regni
868 2009 960 2063 nostri
981 2008 1141 2064 undecimo.

742 2281 844 2346 DXL.
868 2282 917 2346 De
931 2282 1050 2347 eodem.

205 2453 274 2503 ΑΒ.
288 2459 350 2503 1148
409 2456 583 2527 Stephanus,
597 2473 648 2510 rex
661 2455 789 2524 Angliee,
804 2455 938 2510 omnibus
946 2454 1133 2524 justiciariis,
1148 2460 1178 2509 et
1189 2455 1424 2520 vicecomitibus,

204 2525 295 2570 ‘¹¹⁵4
372 2546 402 2596 ct
428 2541 594 2605 baronibus,
627 2546 657 2594 ct
681 2539 833 2604 ministris,
861 2545 891 2594 et
918 2538 1053 2593 fidelibus
1084 2538 1145 2592 suis
1176 2539 1267 2594 totius
1291 2539 1422 2610 Angliae,

206 2599 293 2649 ΟΜΝ
373 2625 505 2679 salutem.

203 2681 278 2716 ω’
410 2708 516 2762 Sciatis
541 2706 636 2777 quod¹
656 2706 829 2761 Hamclinus
854 2707 942 2761 abbas
969 2706 1161 2761 Gloucestriae
1185 2712 1216 2761 et
1238 2707 1338 2761 omnia
1368 2727 1423 2763 sua

371 2800 439 2845 sunt
456 2791 487 2845 in
505 2809 569 2845 mco
588 2790 668 2844 salvo
687 2791 839 2855 conductu,
860 2797 890 2844 et
907 2791 937 2843 iu
950 2808 1016 2844 mea
1033 2791 1118 2843 firma
1129 2807 1221 2860 pace:
1242 2809 1334 2861 quara
1352 2792 1423 2846 volo

371 2881 401 2929 ot
426 2875 565 2945 praecipio
591 2874 669 2944 quod
696 2875 758 2946 ipse
784 2880 813 2929 et
839 2876 938 2928 omnia
963 2892 1017 2928 sua
1043 2880 1073 2928 et
1096 2892 1196 2928 onmes
1223 2875 1270 2929 sui
1294 2875 1423 2930 habeant

370 2960 485 3013 salvum
502 2960 546 3013 ire
570 2965 600 3014 et
631 2963 708 3013 staro
734 2966 763 3014 ot
788 2959 883 3013 redire
908 2976 961 3029 per
985 2964 1076 3013 totam
1104 2976 1205 3029 paoem
1230 2976 1336 3013 meam.
1382 2960 1423 3016 Et

370 3044 468 3098 nullus
488 3061 576 3115 super
593 3044 648 3098 hoc
667 3061 734 3098 eum
751 3044 797 3098 vel
817 3061 864 3097 res
884 3060 951 3097 suas
969 3042 1078 3111 injuste
1097 3041 1252 3124 disturbet,
1272 3048 1328 3098 etc.

458 3315 576 3381 DXLI.
618 3315 666 3380 De
685 3312 889 3400 molestiores
912 3311 946 3379 G.
963 3312 1095 3378 comitis
1118 3311 1327 3379 caecatae.

405 3487 439 3542 G.
461 3487 497 3541 de
516 3486 611 3549 Clare,
631 3502 727 3540 comes
747 3483 954 3539 Gloecestriae²
972 3489 1002 3537 et
1020 3482 1232 3546 Herthsordiae,
1254 3483 1416 3538 senescallo

369 3591 421 3627 suo
451 3579 481 3626 et
515 3571 678 3625 forestariis
706 3569 768 3624 suis
799 3575 828 3623 ct
854 3567 968 3623 eaeteris
999 3566 1118 3622 ballivis
1146 3567 1206 3621 suis
1238 3565 1274 3620 dc
1305 3567 1415 3622 honore

369 3656 569 3720 Gloucestriae,
590 3655 724 3710 salntem.

414 3740 521 3795 Sciatis
547 3757 600 3794 nos
619 3739 782 3809 suscepisse
809 3738 840 3792 in
857 3737 1067 3808 protectionem
1084 3741 1214 3791 nostram
1232 3735 1368 3790 abbatem
1386 3742 1417 3791 et

367 3826 522 3880 monachos
547 3823 749 3886 Gloueostriae,
778 3831 808 3876 et
833 3822 965 3876 homines
984 3839 1071 3885 su0s;
1099 3827 1129 3875 et
1153 3820 1250 3874 omnia
1277 3838 1330 3874 sua
1348 3838 1415 3891 qnae

367 3909 474 3964 habent
491 3909 523 3962 in
541 3907 625 3963 feodo
644 3915 755 3962 nostro.
794 3907 832 3960 Et
858 3905 923 3959 idco
941 3905 1025 3960 vobis
1044 3904 1215 3959 mandamus
1233 3921 1269 3958 ne
1287 3904 1346 3959 sibi
1364 3904 1413 3958 vol

366 3994 427 4047 suis
446 3994 478 4047 in
495 3993 592 4062 aliquo
611 3991 775 4046 molestiam
793 3990 922 4059 aliquam
938 3989 1082 4052 inferatis,
1102 3993 1153 4043 aut
1171 4005 1339 4058 gravamen,
1359 4006 1414 4044 nec

365 4077 468 4130 inferri
487 4075 664 4146 permittatis
686 4080 787 4128 eontra
802 4073 959 4142 justitiam,
979 4090 1032 4128 nee
1051 4077 1153 4127 contra
1171 4079 1304 4126 tenorem
1322 4079 1412 4128 eartae

366 4177 453 4230 quum
480 4160 516 4214 de
539 4159 623 4213 nobis
647 4158 763 4212 habent.
801 4157 840 4211 Et
867 4156 897 4209 in
924 4155 1012 4226 hujus
1039 4155 1083 4210 rei
1110 4156 1312 4211 testimouium
1341 4156 1413 4211 bas³

365 4244 479 4298 litteras
498 4248 611 4296 nostras
630 4241 673 4295 eis
693 4241 824 4304 lecimus,
845 4246 899 4295 ete.

398 4486 497 4552 ¹qu0d]
517 4486 582 4550 quia,
594 4486 650 4537 MS.
910 4484 995 4534 before
1006 4493 1038 4546 et,
1048 4486 1094 4534 but
1105 4483 1166 4533 with
1177 4483 1220 4537 the
1236 4483 1295 4550 sign
1314 4485 1345 4535 of
1359 4501 1414 4537 era·

396 4570 405 4597 ²
416 4564 522 4615 cassibus
533 4564 691 4614 huronibusct
703 4563 798 4612 ballivis
808 4565 860 4612 mis
911 4579 974 4614 sure.

362 4646 390 4696 de
412 4643 503 4711 AnyIia
526 4648 548 4693 is
569 4644 678 4693 inserted
698 4644 725 4692 in
744 4644 785 4694 the
803 4642 859 4694 MS.
943 4646 952 4673 ³
969 4641 1028 4709 has]
1047 4642 1116 4703 haas,
1127 4641 1184 4693 MS.
