3218 5640
514 799 539 847 a
564 799 664 849 nunu
686 799 936 852 cmucasrmu.
1181 792 1245 853 145

200 999 360 1071 persolvet,
379 1005 410 1054 et
436 998 525 1053 salvis
553 998 720 1070 quindecim
745 999 838 1054 mittis
867 1017 938 1070 quas
962 1000 1093 1055 Waltero
1111 1000 1147 1054 dc
1165 1001 1247 1055 Aura

202 1083 350 1136 armuatim
367 1082 553 1153 persolveni;
581 1083 726 1154 recepturi
752 1083 789 1136 ab
817 1084 917 1137 eodem
944 1085 1073 1155 quinque
1092 1084 1200 1138 solidos
1218 1095 1248 1138 et

201 1185 291 1221 uuum
323 1166 481 1220 salmonem
509 1166 555 1220 vei
583 1184 632 1219 sex
660 1167 803 1220 denarios.
841 1166 996 1221 Memorati
1024 1186 1094 1221 vero
1120 1169 1245 1221 Thomas

202 1251 289 1304 abbas
316 1258 347 1304 ct
373 1250 505 1303 monachi
532 1249 725 1304 Gloucestriae
753 1250 903 1304 invenient
927 1252 999 1305 mihi
1027 1260 1057 1305 ec
1082 1252 1149 1305 filias
1173 1271 1246 1305 meae

201 1334 312 1389 rictum
331 1341 362 1389 ct
380 1335 518 1389 restitum
537 1334 614 1405 apud
633 1333 828 1389 Glocostriam
847 1335 987 1404 quamdiu
1007 1337 1176 1390 vixerimus.

511 1619 701 1689 DCLXIV.
726 1619 774 1684 Dc
797 1620 919 1685 codem.

236 1781 337 1836 Sciant
355 1787 511 1852 praesentes
530 1787 561 1836 et
579 1780 680 1844 futuri,
701 1780 779 1850 quod
805 1799 861 1852 ego
888 1781 1008 1836 Juliana
1028 1800 1093 1852 quae
1112 1783 1154 1837 sui
1173 1799 1245 1837 uxor
1259 1782 1349 1833 Ostha

203 1865 320 1920 Bicardi
339 1865 392 1919 filii
411 1864 520 1920 Odonis
539 1865 575 1919 dc
594 1866 732 1929 Wittouo,
753 1866 782 1918 iu
801 1866 875 1935 ligia
901 1866 1044 1920 viduitate
1071 1877 1101 1920 et
1128 1868 1246 1937 propria
1260 1865 1334 1899 ΜΕ·

201 1961 344 2024 mnsam
361 1971 435 2015 mea,
455 1955 595 2016 concessi,
616 1953 694 2023 qnod
717 1953 774 2007 nisi
800 1953 911 2007 solvam
936 1962 1026 2008 totam
1045 1955 1161 2010 tertiam
1180 1929 1365 2024 par-‘’¹⁰⁴5·

201 2048 259 2092 tem
278 2038 369 2092 totius
388 2039 501 2092 servitii
520 2038 598 2107 qnod
616 2038 677 2091 exit
699 2037 735 2091 de
759 2044 840 2091 terra
858 2046 887 2091 ct
905 2038 999 2092 salina
1017 2056 1081 2109 quae
1100 2038 1245 2092 Ricardus

202 2123 278 2176 iilius
297 2121 406 2175 Odouis
424 2123 470 2175 vir
488 2138 571 2175 meus
589 2121 745 2191 aliquando
770 2121 805 2175 de
833 2121 937 2176 abbate
963 2121 1134 2175 Gloccstriae
1152 2123 1247 2175 tonuit

203 2208 231 2260 in
248 2206 372 2277 Wychio
384 2214 415 2260 ct
426 2206 565 2267 Wittcna‚
580 2205 693 2260 scilicet
704 2206 823 2259 tertiam
840 2212 953 2276 partem
967 2205 1068 2259 decem
1087 2205 1245 2258 solidorum

202 2297 232 2344 et
263 2290 363 2344 novies
394 2289 499 2358 viginti
535 2289 686 2344 mittamur
718 2289 787 2343 salis
817 2308 870 2361 per
901 2308 1008 2343 aunum
1039 2289 1076 2342 ad
1106 2291 1247 2344 terminos

201 2373 322 2438 debitos,
343 2372 421 2445 quod
438 2373 597 2444 pradictus
610 2374 699 2428 abbas
717 2379 806 2444 ponat
824 2391 855 2427 se
874 2375 905 2427 in
918 2374 1065 2443 seysinam
1077 2373 1114 2426 de
1127 2380 1248 2443 quanm-

202 2475 313 2528 cunque
330 2456 449 2511 nominc
476 2457 553 2511 dotis
579 2464 664 2512 teneo
691 2458 721 2510 iu
739 2457 856 2511 Wichio
877 2463 907 2511 ct
924 2457 1066 2519 Wittona,
1088 2457 1151 2510 siue
1169 2458 1247 2509 omni

201 2541 426 2596 contradictione
445 2543 513 2603 mei,
533 2548 564 2597 ct
587 2549 686 2597 teneat
712 2559 863 2612 quousque
888 2541 915 2595 ci
941 2541 1026 2611 plene
1054 2542 1247 2597 satisfecerim

202 2625 238 2678 de
255 2626 390 2679 omnibus
408 2627 567 2696 arreragiis
586 2635 616 2679 et
634 2625 751 2680 debitis.

236 2708 276 2763 Et
292 2726 330 2762 ne
348 2709 378 2762 in
400 2717 551 2779 postorum
570 2716 672 2764 contra
697 2716 873 2780 presentem
901 2711 1122 2764 conventionem
1148 2710 1249 2763 venire

200 2793 318 2867 possim,
332 2794 469 2864 praesenti
483 2794 593 2864 scripto
605 2794 738 2864 sigillum
751 2812 849 2848 meum
862 2796 993 2865 apposui.
1033 2794 1101 2847 Hiis
1114 2793 1247 2849 testibus.

533 3077 697 3143 DCLXV.
722 3078 769 3142 De
793 3077 914 3142 eodem.

236 3239 389 3295 Universis
407 3240 445 3294 ad
464 3257 537 3313 quos
554 3258 685 3312 praesens
711 3241 854 3311 scriptum
879 3240 1054 3311 pervenerit,
1074 3239 1247 3309 praepositus
1262 3239 1301 3289 01
1307 3239 1350 3289 the

201 3331 232 3378 er
247 3323 410 3396 burgenses
429 3323 466 3378 dc
484 3324 619 3395 Wychio,
640 3325 775 3379 salutem.
1261 3321 1336 3356 Μ*

236 3407 362 3464 Noverit
391 3410 569 3464 universitas
600 3418 709 3474 vestra,
742 3409 820 3480 quod
850 3427 902 3463 uos
938 3416 968 3463 ei
997 3408 1126 3463 haeredes
1157 3409 1250 3462 nostri

200 3493 433 3563 acquietabimus
452 3511 556 3548 versus
584 3494 723 3549 comitem
753 3492 934 3548 Saresburiae
959 3501 989 3548 et
1015 3492 1145 3547 haeredes
1170 3511 1248 3556 suos,

201 3576 341 3648 quamdiu
359 3577 390 3631 in
407 3577 535 3632 dominio
561 3586 591 3632 et
614 3596 704 3632 manu
730 3577 795 3648 ejus
814 3577 861 3631 rel
887 3576 1036 3631 haredum
1060 3594 1181 3630 suorum
1203 3576 1250 3630 rel

201 3661 323 3717 alterius
353 3661 555 3733 cujuscunque
579 3679 633 3733 per
664 3679 767 3731 regem
799 3660 863 3715 vcl¹
894 3661 1027 3732 praedicti
1057 3661 1173 3716 comitis
1203 3660 1249 3713 rel

201 3745 352 3801 haeredum
387 3763 516 3811 suorum,
543 3746 729 3800 donationem
758 3746 806 3800 rel
835 3746 1064 3816 assignationem
1096 3746 1248 3807 fuerimus,

202 3830 337 3885 abbatem
367 3836 398 3884 ct
425 3829 582 3884 monachos
613 3829 714 3884 Sancti
745 3830 829 3885 Petri
854 3828 1046 3884 Gloucestriae
1076 3829 1112 3882 de
1143 3830 1250 3900 viginti

204 3913 305 3968 solidis
324 3914 376 3984 qui
393 3931 447 3984 pro
465 3912 578 3968 eisdem
605 3914 636 3967 in
661 3914 747 3968 firma
771 3921 871 3969 nostra
888 3914 1065 3985 perficienda
1083 3913 1120 3967 ad
1138 3930 1250 3969 scacca-

202 3997 280 4052 rium
306 3996 416 4051 domini
442 3998 523 4069 regia
548 3997 658 4052 redeat.
697 3997 818 4052 Praesati
836 3997 926 4052 abbas
953 4005 983 4051 et
1007 3998 1143 4052 monachi
1162 3999 1250 4052 iutro-

202 4081 318 4136 mittcnt
344 4097 377 4135 aa
405 4099 459 4151 pro
486 4099 571 4152 posse
606 4098 658 4136 suo
689 4087 723 4136 ut
749 4081 882 4152 predicti
912 4081 1019 4152 viginti
1051 4082 1136 4137 solidi
1167 4082 1249 4137 nobis

204 4171 409 4238 computentur
427 4166 464 4221 ad
482 4167 660 4220 scaccarium
688 4166 798 4219 domini
824 4167 905 4236 regis
931 4168 1008 4221 sicut
1026 4167 1157 4221 solebant
1175 4185 1251 4221 com·

203 4249 300 4321 putari
319 4248 433 4322 quaudo
452 4250 562 4305 fuimns
589 4251 620 4304 in
645 4250 779 4305 manibus
807 4250 916 4305 domiui
946 4252 1036 4322 regis.
1087 4253 1149 4323 Ipsi
1179 4269 1251 4305 vero

207 4333 295 4389 abbas
314 4341 344 4387 et
361 4335 506 4397 monachi,
527 4341 676 4389 eteorum
702 4343 803 4389 tenens
822 4337 872 4406 qui
892 4353 945 4406 pro
969 4341 1100 4407 tempora
1129 4336 1252 4391 salinam

204 4434 288 4472 suam
304 4419 441 4482 tennerit,
460 4418 547 4473 liberi
566 4428 653 4475 erunt
670 4426 701 4473 et
719 4419 811 4488 quieti
829 4436 847 4473 a
864 4419 1007 4484 theloneo,
1022 4426 1052 4476 et
1069 4421 1147 4474 omni
1166 4437 1248 4474 exac-

235 4667 242 4697 ¹
259 4667 366 4716 cotila
389 4666 543 4718 &tubaria
559 4677 582 4719 e!
598 4668 703 4719 heredes
752 4671 873 4736 proedicti,
885 4673 929 4722 but
941 4671 1004 4720 with
1018 4671 1061 4721 the
1079 4671 1135 4734 sign
1154 4670 1184 4718 of
1200 4685 1252 4719 era-

203 4745 703 4800 :namurcensium
756 4766 819 4801 rure

290 4845 366 4899 vol.
390 4846 426 4897 ΙΙ.
1095 4850 1121 4897 K
