3218 5640
484 820 513 869 8.
536 820 636 869 cml
658 820 911 871 amnemamn-

521 1144 660 1209 Dxxv.
684 1143 732 1209 Dc
755 1145 873 1209 codem.

210 1310 353 1366 Omnibus
372 1310 484 1367 Christi
496 1311 631 1366 fidelibus
648 1323 808 1384 prasentae
827 1312 940 1367 litteras
958 1313 1113 1377 audituris,
1132 1314 1223 1368 frater
1236 1325 1304 1375 M),
1319 1332 1390 1386 1253,

174 1396 345 1461 Iohannes)
369 1397 470 1451 divina
496 1396 681 1450 miseratione
707 1396 905 1451 landavensis
929 1398 1060 1451 ecclesiae
1090 1392 1298 1457 ministerJuly
1314 1399 1352 1442 19.

172 1481 305 1543 humilis,
325 1480 451 1535 salutem
469 1481 501 1534 in
518 1479 644 1534 Domino
662 1481 878 1551 sempiternam.
1235 1472 1324 1522 Orthe

211 1565 361 1619 Noveritia
385 1564 464 1635 qnod
493 1582 560 1618 cuni
589 1565 723 1618 abbatem
752 1571 782 1617 et
810 1576 982 1619 conventum
1011 1565 1110 1619 Sancti
1141 1565 1222 1619 Petri
1234 1554 1308 1588 ‘¹¹⁰⁰'

173 1648 377 1712 Gloncestrim
395 1655 526 1704 rectores
549 1649 681 1703 ecclesiae
700 1648 801 1704 Sancti
820 1648 946 1703 Gundlei
964 1650 1001 1703 de
1018 1649 1103 1704 Novo
1122 1649 1223 1718 Burgo

173 1751 211 1786 ex
227 1742 311 1805 parte
321 1750 389 1796 una,
402 1740 434 1788 et
444 1732 592 1787 Aridream
606 1732 643 1786 de
656 1731 841 1787 Glaucestiia
856 1733 1039 1804 capellanum
1057 1734 1094 1786 ab
1112 1733 1221 1787 eisdem

172 1816 279 1872 abbate
297 1824 328 1871 et
345 1825 488 1871 conventu
507 1816 545 1870 ad
561 1816 701 1871 vicariam
724 1815 811 1871 dicta
829 1817 961 1871 ecclesia
979 1817 1131 1871 taxandam
1150 1835 1223 1888 prae·

174 1908 331 1963 semanim,
343 1901 538 1972 peremptorie
556 1899 641 1954 citari
654 1901 817 1955 faceremus
835 1901 914 1972 qnod
930 1918 1028 1956 coram
1045 1902 1129 1955 nobis
1147 1920 1224 1955 com·

173 1991 311 2057 parerent
338 1984 418 2056 apud
433 1984 552 2039 Novum
570 1986 706 2056 Burgum
731 1986 861 2040 audituri
888 1993 918 2039 ct
941 1987 1090 2056 recepturi
1112 1986 1224 2056 justam

171 2069 387 2124 ordinatiorm
398 2076 431 2123 ct
441 2070 616 2124 mationem
630 2070 814 2140 portionum*
826 2087 946 2124 suarum
957 2070 988 2123 in
1000 2069 1079 2123 dicta
1090 2070 1223 2125 ecclesia.

174 2154 219 2208 ita
242 2153 321 2223 qnod
346 2158 451 2207 extunc
479 2153 548 2207 sciri
566 2160 665 2224 posset
691 2155 862 2224 quinorum
879 2171 968 2207 onera
984 2153 1070 2208 dictae
1093 2155 1225 2208 ecclesian

174 2237 321 2292 sustinere
338 2236 486 2300 deberent,
508 2247 540 2292 et
557 2255 622 2308 quae
640 2238 736 2308 portio
753 2237 791 2291 ad
807 2239 974 2300 rectoriam,
994 2244 1026 2291 et
1042 2255 1109 2307 quaa
1126 2238 1164 2292 ad
1182 2239 1225 2291 vi-

172 2321 284 2376 ariam
302 2322 471 2392 pertineret.
506 2321 637 2376 'Paridem
656 2322 728 2392 ipsis
746 2339 843 2375 coram
862 2320 946 2375 nobis
965 2321 1096 2391 legitime
1111 2340 1226 2393 compa·

172 2405 318 2469 rantibus,
342 2405 380 2459 de
407 2422 551 2460 consensu
576 2406 705 2477 partium
736 2406 894 2459 earundem
919 2423 1065 2477 expresso,
1091 2407 1121 2460 in
1148 2407 1225 2461 hunc

171 2489 295 2544 modurn
323 2489 469 2544 dictarum
498 2489 665 2561 portionum
699 2490 912 2560 separationem
936 2500 967 2544 et
990 2489 1076 2544 dictae
1106 2492 1225 2545 vicaria

171 2573 350 2630 taxationem
362 2573 570 2636 ordinavimus,
583 2573 722 2628 videlicet
739 2573 818 2644 quod
836 2573 908 2628 dicti
920 2573 1008 2628 abbas
1024 2581 1056 2628 et
1066 2583 1225 2629 conventus

171 2659 291 2713 nomine
308 2659 442 2713 rectoriae
453 2659 638 2730 perciperent
653 2676 753 2713 omnes
771 2658 900 2712 decimas
918 2659 1076 2729 garbarum
1094 2670 1126 2713 et
1143 2660 1224 2721 soni,

169 2742 323 2799 mdditum
335 2743 424 2798 etiam
436 2749 530 2798 totum
545 2743 622 2797 infra
640 2742 768 2813 burgum
788 2750 819 2797 et
836 2751 926 2797 extra.
964 2743 1123 2797 Habebunt
1135 2744 1224 2798 ctiam

169 2836 266 2883 rotam
278 2832 398 2889 terram,
411 2833 507 2881 totum
519 2833 645 2898 pratum,
659 2828 788 2897 exceptis
806 2826 920 2880 duabus
937 2828 1013 2882 acris
1026 2846 1092 2897 quae
1110 2828 1147 2882 ad
1159 2846 1224 2899 por·

169 2913 283 2968 tionem
295 2911 399 2966 vicarii
414 2910 611 2982 pertinebunt,
631 2916 662 2965 et
678 2910 791 2964 curiam
809 2909 847 2963 ad
865 2909 975 2964 dictam
992 2912 1145 2966 ecclesiam
1159 2931 1224 2982 pcr-

169 3003 324 3056 tinentem.
359 2999 497 3054 Vicarius
515 3006 614 3054 autern
631 2999 747 3052 nomine
759 2999 878 3052 vicariae
892 2999 1036 3071 percipiet
1047 3001 1102 3062 lac,
1115 3002 1222 3063 lanam,

170 3085 278 3149 linum,
302 3101 404 3155 agnos,
429 3083 600 3147 oblationes,
620 3091 651 3137 et
673 3088 796 3137 caeteras
814 3100 915 3137 omnes
932 3083 1060 3138 minutas
1083 3084 1222 3147 decimas,

170 3177 206 3225 et
222 3168 297 3224 duas
315 3185 400 3223 acras
418 3168 455 3222 de
477 3172 562 3239 prato
580 3166 729 3239 praedicto,
743 3174 774 3222 et
791 3173 882 3221 totam
901 3167 1045 3223 decimam
1058 3170 1128 3223 soeni
1146 3170 1225 3241 apud

171 3253 377 3310 nauem.
415 3252 454 3307 Et
474 3252 545 3323 quia
562 3251 656 3322 major
671 3252 767 3322 portio
784 3251 871 3305 dicta
892 3252 1023 3307 acclesiae
1042 3254 1178 3309 consistit
1195 3256 1224 3308 in

168 3339 368 3393 oblationibus
386 3346 417 3391 et
435 3336 557 3391 decimis
582 3335 753 3399 minoribus,
778 3337 917 3401 vicarius,
942 3338 992 3406 qui
1017 3355 1071 3408 pro
1093 3346 1224 3409 tempore

168 3423 271 3486 inerit,
290 3421 438 3476 annuatim
450 3420 545 3475 solvet
565 3419 652 3473 dictis
671 3419 770 3474 abbati
789 3428 820 3474 et
837 3421 992 3475 couventui
1012 3422 1222 3476 incrementum

169 3505 315 3580 portionis
332 3522 434 3560 eornm
450 3504 524 3558 dnae
545 3521 658 3557 marcas
680 3502 717 3556 ad
736 3504 810 3558 dnos
829 3505 897 3558 anni
919 3504 1068 3568 terminos,
1086 3505 1224 3561 videlicet

169 3589 212 3647 ad
229 3589 344 3645 Pascha
360 3605 449 3643 unam
471 3605 609 3650 marcam,
630 3593 662 3642 et
680 3586 769 3641 aliam
793 3588 1035 3643 adfectis-itatem
1058 3589 1143 3643 Beati
1167 3590 1223 3644 Mi·

169 3674 293 3729 chaelis
337 3673 376 3727 Et
401 3671 480 3726 idem
503 3671 631 3725 vicarius
656 3671 754 3725 omnia
776 3689 864 3725 onera
887 3671 1034 3726 ordinaria
1057 3674 1223 3736 sustinebit,

169 3766 205 3813 et
231 3757 351 3812 habebit
366 3756 480 3812 curiam
496 3756 583 3826 juxta
599 3755 712 3810 curiam
735 3755 847 3811 domini
871 3757 984 3811 abbatia
1002 3774 1037 3811 ex
1056 3768 1139 3829 parte
1159 3776 1223 3813 aus·

209 3925 273 3981 Noa
311 3941 382 3979 vero
420 3925 529 3979 dictam
564 3924 777 3979 ordinationem
821 3940 875 3978 seu
913 3925 1089 3980 taxationem
1130 3938 1224 3981 ratam
1237 3928 1254 3979 t
1268 3933 1315 3977 1³³
1326 3928 1348 3980 b.

169 4011 325 4074 babentes,
344 4027 409 4064 eam
426 4009 600 4064 auctoritate
620 4009 779 4080 pontificali
801 4008 1015 4064 confirmamus.

210 4094 246 4149 In
265 4095 352 4164 cnjus
375 4095 419 4148 rei
443 4094 644 4149 testimonium
662 4093 717 4148 hoc
738 4110 868 4165 praesens
890 4095 1032 4164 scriptum
1051 4095 1081 4149 in
1105 4096 1224 4150 modum

119 4194 124 4201 ·
168 4179 351 4252 cyrographi
369 4180 445 4233 inter
461 4195 512 4232 eos
529 4177 694 4232 coniectum
709 4183 764 4242 est,
778 4177 864 4247 cujus
882 4195 1028 4248 unapars,
1043 4179 1143 4249 sigillo
1160 4199 1225 4234 noa·

170 4273 222 4322 tro
244 4268 277 4318 ct
294 4262 395 4334 sigillo
414 4261 506 4317 dicti²
519 4261 621 4316 vicarii
641 4262 765 4332 signata,
785 4261 897 4316 residet
914 4280 1003 4332 penes
1020 4262 1114 4319 dictos
1137 4266 1225 4320 abba·

229 4417 359 4424 .--.----
368 4416 539 4423 -———--

208 4507 481 4559 normanno„
703 4507 1225 4571 ·isimmadinueu8.znerdno‚

210 4585 676 4654 'lnthemginbercisiuaened
727 4586 1227 4653 batviththerignoierasure,andthe

180 4667 656 4734 iniucunda-puniceam
727 4665 1226 4735 hnbuudd'ctiisvrittcnuponan

209 4745 678 4816 'abbansetmmmrwdaetpw
727 4761 836 4798 mre.
