3218 5640
365 758 407 827 78
655 775 903 825 eanrruamun
927 775 1136 826 nonasruan

362 949 493 1004 taxanda.
529 949 568 1004 Et
592 951 736 1014 volumus,
758 958 787 1005 et
814 951 1005 1021 disponimur,
1034 959 1064 1006 ct
1084 951 1262 1016 ordinemne,
1285 959 1318 1005 ut
1345 970 1415 1023 per·

361 1034 454 1088 tiones
473 1034 504 1086 in
522 1033 623 1087 cadem
637 1035 760 1088 ccclesia
771 1035 899 1089 nondum
912 1042 1058 1098 vacanter,
1073 1054 1140 1090 cnm
1153 1037 1331 1100 vacaverint,
1346 1055 1415 1107 por-

361 1117 488 1171 tionibus
507 1117 651 1172 dictarum
671 1119 861 1173 ecclesiarum
879 1138 932 1190 pro
951 1120 1056 1190 aequali
1075 1120 1218 1174 divisione
1235 1129 1414 1175 accrescant.

397 1202 436 1255 Et
461 1209 494 1256 ut
511 1201 573 1256 haec
591 1209 690 1257 nostra
708 1203 824 1258 collatio
849 1211 878 1258 ct
904 1206 1102 1274 superscripta
1129 1205 1233 1259 divisio
1261 1206 1290 1258 in
1310 1224 1416 1276 perpe·

361 1292 444 1340 tuum
462 1287 610 1340 memoriis
632 1287 781 1341 hominum
799 1289 1024 1352 commendetur,
1044 1289 1176 1358 sigillum
1194 1296 1336 1352 nostrum,
1356 1308 1418 1342 nna

361 1386 427 1422 cum
446 1369 544 1439 sigillo
562 1372 681 1441 capituli
695 1372 890 1437 Mencvcnsis,
905 1373 1099 1443 praesentibus
1117 1373 1225 1428 litteris
1244 1372 1415 1443 putentibus

361 1452 495 1510 duximus
514 1455 690 1526 apponenda.
730 1456 848 1511 Datum.

710 1724 828 1788 DLVI.
874 1724 922 1787 De
944 1723 1061 1788 cedern.

396 1886 536 1942 Omnibus
566 1887 679 1942 Sancta
705 1887 810 1942 Matris
842 1887 982 1942 Ecclesiae
1009 1886 1077 1940 filiis
1104 1892 1261 1956 praesentca
1294 1887 1411 1942 litterae

261 1997 268 2012 ·
359 1971 468 2027 visuris
486 1972 532 2027 vel
559 1972 712 2035 auditune,
735 1972 823 2025 abbae
850 1978 880 2025 ct
907 1978 1064 2026 cenventus
1085 1968 1184 2023 Sancti
1212 1969 1293 2024 Petri
1322 1970 1414 2026 Glou-

360 2056 483 2120 cestriae,
504 2056 628 2110 salutem
647 2056 676 2108 in
695 2055 829 2110 Domino.

393 2139 517 2194 Noverit
534 2140 710 2194 universitas
728 2148 836 2202 vestra,
858 2138 934 2209 qnod
961 2156 1014 2192 nos
1033 2137 1207 2192 tradidimus
1233 2137 1270 2191 od
1296 2138 1412 2193 firmam

358 2223 500 2294 magistro
525 2223 685 2278 Eadwardc
712 2224 747 2277 de
774 2224 803 2276 le
825 2223 927 2277 Cnoilo
955 2223 1069 2285 clerice,
1090 2223 1252 2292 portionem
1279 2229 1412 2277 nostrum

358 2325 445 2377 quam
465 2308 604 2362 habemus
629 2308 659 2361 in
685 2308 808 2361 ccclesia
828 2307 927 2360 Sancti
947 2306 1065 2360 Paterni
1084 2305 1213 2375 majoria,
1234 2323 1268 2359 cx
1295 2305 1412 2361 ordina·

357 2391 434 2444 tione
456 2391 631 2446 venerabilis
659 2391 750 2462 patris
769 2391 912 2454 Anselmi⁹
933 2389 988 2443 Dei
1016 2390 1111 2460 gratia
1136 2390 1321 2444 Menevcnsis
1350 2392 1411 2462 epi·

359 2475 447 2546 scopi,
469 2493 521 2529 suo
539 2480 691 2546 perpetue,
715 2476 756 2529 ita
775 2475 853 2545 quod
871 2473 949 2527 idem
968 2473 1147 2527 Eadwardns
1166 2473 1273 2544 viginti
1292 2491 1410 2529 marces

358 2559 535 2630 perceperit¹
556 2561 603 2613 vel
622 2559 709 2614 ultra.
748 2559 901 2612 Persolvet
918 2557 1000 2611 nobis
1028 2557 1152 2627 singulis
1181 2558 1264 2611 annis
1290 2565 1409 2613 centum

359 2642 467 2697 solides
486 2644 517 2696 in
543 2643 655 2698 duobus
681 2644 815 2698 terminis
844 2642 920 2706 anni,
941 2641 1079 2696 videlicet
1103 2642 1140 2696 ad
1165 2641 1271 2695 Natalc
1290 2641 1411 2696 Domini

361 2727 574 2797 quinquaginta
593 2726 710 2792 celidon,
732 2733 761 2781 et
780 2726 816 2780 ad
834 2726 1027 2780 Nativitatem
1048 2726 1146 2780 Sancti
1172 2725 1314 2780 Johannis
1335 2727 1411 2797 Bap-

358 2809 435 2864 tistae
454 2810 666 2881 quinquaginta
679 2810 794 2865 solidae.
831 2809 907 2864 Etsi
926 2808 1004 2862 idem
1023 2808 1201 2863 Eadwardus
1220 2809 1316 2864 minus
1330 2827 1409 2864 rece-

359 2893 436 2963 perit
466 2911 554 2965 qnnm
578 2894 683 2964 viginti
707 2911 820 2948 marcas
851 2893 887 2947 dc
917 2893 1049 2962 portione
1076 2893 1185 2955 eadem,
1205 2894 1300 2947 solvet
1325 2894 1408 2949 nobis

359 2976 485 3048 singulis
504 2978 587 3032 annis
600 2985 660 3033 tres
679 2995 792 3032 marcas
811 2982 934 3040 tantum,
955 2977 1088 3031 terminis
1107 2976 1291 3046 supradictis,
1306 2977 1409 3032 videli-

357 3067 403 3116 cet
420 3060 527 3132 viginti
546 3062 653 3117 solidos
672 3079 729 3116 uno
747 3061 881 3125 termino,
901 3067 930 3114 et
941 3060 1048 3131 viginti
1068 3060 1176 3115 solidos
1195 3061 1253 3114 aiio
1271 3062 1405 3116 termino.

356 3144 389 3199 Si
406 3162 476 3199 vero
494 3146 650 3216 contigerit
668 3146 744 3216 quod
762 3163 815 3199 nos
826 3145 951 3200 velimus
970 3143 1085 3215 ingredi
1103 3151 1134 3199 ct
1151 3143 1258 3198 habere
1276 3151 1405 3201 nestram

355 3228 551 3299 supradictam
569 3230 742 3300 portionem,
762 3228 864 3283 licebit
893 3228 976 3282 nobis
1007 3246 1071 3281 eam
1101 3234 1200 3281 tencre
1231 3232 1261 3281 et
1286 3228 1403 3292 habere,

354 3313 445 3366 libero
458 3319 488 3368 et
506 3312 613 3384 quiete,
629 3314 691 3368 sinc
710 3313 788 3368 omni
806 3312 1011 3367 reclamatione
1030 3311 1077 3364 vel
1096 3310 1323 3368 contradictione
1336 3312 1405 3367 dicti

354 3397 516 3463 Eadwardi‚
532 3397 688 3452 dummodo
706 3396 800 3451 eidem
813 3397 895 3466 prius
914 3395 1161 3465 assignaverimus
1173 3394 1280 3464 viginti
1292 3412 1404 3451 marcas

354 3481 390 3536 dc
418 3499 533 3536 camera
556 3488 656 3537 nostra
686 3481 812 3551 singulis
843 3480 925 3534 annis
951 3478 1161 3549 percipiendas,
1195 3496 1348 3549 quousque
1377 3479 1402 3534 ei

352 3567 503 3635 provisum
521 3566 611 3621 fuerit
628 3584 681 3638 per
699 3583 751 3620 nos
770 3565 801 3619 in
818 3564 958 3618 beneficio
971 3563 1178 3628 eeclesiastico,
1193 3563 1271 3633 quod
1289 3563 1402 3618 duxerit

353 3650 569 3720 acceptandum.
608 3650 692 3704 Idem
710 3666 780 3703 vcro
803 3666 916 3702 omnem
944 3647 1129 3718 diligentiam
1155 3652 1280 3718 apponet
1305 3647 1343 3702 cd
1359 3664 1399 3702 rc·

352 3733 482 3789 vocanda
498 3733 631 3805 dispersa
649 3735 679 3788 in
697 3733 775 3788 dicta
793 3733 916 3787 ecclesia
929 3732 1028 3787 Sancti
1041 3731 1159 3786 Paterni
1177 3749 1230 3803 per
1248 3732 1399 3787 consilium

353 3822 382 3871 et
400 3817 540 3872 auxilium
560 3817 744 3872 Menevcnsis
763 3816 893 3886 capituli,
909 3816 934 3871 si
953 3816 1104 3884 contingat
1122 3815 1200 3886 quod
1218 3833 1271 3887 per
1289 3815 1397 3870 ordina·

352 3901 461 3956 tionem
488 3902 653 3972 dyoecesani
680 3900 772 3956 nostri
801 3900 870 3955 fiant
899 3899 1143 3970 comportionarii.
1192 3897 1297 3954 Dictus
1332 3915 1402 3953 vero

352 3984 531 4040 Eadwardns
561 3985 687 4041 fideliter
723 3984 870 4039 redditum
907 3990 1049 4048 nostrum,
1082 3983 1222 4054 quamdiu
1257 3983 1287 4037 in
1317 3982 1422 4046 firmo.

352 4067 437 4123 dictae
464 4070 595 4125 ecclesiae
626 4069 750 4132 steterit,
783 4069 899 4123 statutis
930 4067 1063 4123 terminis
1094 4067 1223 4138 plenarie
1254 4064 1461 4150 persolve}-

352 4153 430 4223 apnd
460 4152 682 4209 Gloucestriam.
732 4153 779 4207 Ad
809 4153 907 4207 omnia
936 4152 998 4207 haec
1028 4152 1180 4222 praemissa
1216 4149 1338 4205 fideliter
1373 4172 1497 4256 QX

352 4234 509 4306 diligenter
539 4237 719 4293 observanda
755 4237 851 4291 dietus
886 4235 1064 4291 Eadwardus
1097 4234 1239 4306 corporali
1268 4235 1510 4348 imin&

348 4319 524 4389 juramento,
544 4323 630 4378 tactis
650 4322 848 4377 Sacrosanctis
866 4319 1047 4389 Evangeliia,
1070 4338 1102 4375 sc
1120 4318 1203 4373 nobis
1221 4314 1389 4387 obligavih

387 4403 423 4458 In
453 4405 537 4475 cujus
568 4407 612 4462 rei
648 4405 848 4463 testimonium
878 4421 1007 4474 praescns
1038 4403 1178 4475 scriptum
1207 4399 1244 4457 ad
1276 4381 1440 4500 maog

351 4489 537 4560 cyrographi,
557 4497 611 4546 etc.
1431 4459 1519 4526 ᾗ

355 4637 391 4642 ’“
706 4624 1508 4711 *ἐχ

685 4732 691 4760 ¹
708 4731 858 4796 perceperit]
877 4729 996 4795 percepit,
1007 4727 1063 4782 MS.
