3218 5640
462 826 490 876 n
512 827 614 875 rrnu
637 826 891 877 omucrsrmn
1139 816 1204 879 245

151 1002 315 1066 teutubunt,
335 1003 424 1057 sicuti
450 1001 530 1056 idem
548 1002 698 1057 Walterus
724 1020 760 1056 eo
785 1020 803 1056 n
829 1001 913 1056 nobis
937 1004 1059 1074 reoepit.
1109 1004 1149 1058 Et
1178 1005 1205 1058 si

150 1087 302 1157 contingat
319 1086 398 1156 quod
424 1086 533 1157 uliquis
558 1086 709 1141 haeredum
733 1103 853 1140 suorum
873 1104 931 1139 uon
948 1088 1043 1157 possit
1060 1104 1113 1142 seu
1130 1087 1206 1142 nolit

149 1169 230 1225 dictu
247 1170 371 1225 edificia
395 1171 426 1224 in
454 1182 534 1225 statu
556 1182 717 1242 prenotato
744 1179 918 1233 sustentare,
938 1172 985 1225 vel
1009 1172 1036 1226 si
1056 1171 1205 1226 redditum

149 1253 276 1325 alicujus
301 1254 420 1308 termini
446 1272 538 1324 supro
562 1255 655 1309 notati
680 1254 759 1309 ultra
784 1255 873 1308 unius
898 1255 967 1308 anni
994 1256 1123 1325 spatium
1140 1256 1204 1326 ipse

150 1338 198 1391 vel
213 1338 322 1409 aliquis
341 1336 490 1391 luaeredum
504 1355 624 1392 suorum
642 1337 726 1392 nobis
738 1338 907 1401 detinuerit,
924 1350 954 1391 et
966 1346 1099 1392 constare
1110 1339 1205 1410 possit

148 1440 204 1493 per
219 1431 281 1477 tres
297 1422 378 1476 viros
396 1421 497 1476 fideles
516 1421 595 1492 quod
611 1422 690 1477 dictu
708 1422 832 1477 edificia
843 1431 974 1493 tempore
989 1422 1061 1477 dicti
1079 1422 1204 1477 Walteri

149 1525 203 1561 neu
228 1506 354 1577 nlicujns
381 1505 532 1560 haeredum
561 1525 681 1561 suorum
712 1507 808 1561 minus
840 1524 928 1577 quam
957 1506 1058 1561 decem
1086 1506 1204 1562 valeant

149 1608 273 1654 marcas,
291 1590 340 1644 vel
358 1590 437 1661 quod
456 1608 516 1645 nou
533 1590 656 1645 solverit
673 1590 710 1644 de
736 1590 840 1662 quovis
858 1590 983 1644 termino
1000 1591 1077 1644 infru
1094 1608 1203 1644 annum

148 1675 297 1730 redditum
314 1675 397 1729 nobis
416 1673 599 1745 praedictum,
617 1673 682 1728 rult
694 1674 772 1728 idem
789 1673 938 1727 walterus
957 1683 987 1727 et
1004 1674 1138 1728 concedit
1148 1692 1202 1745 pro

148 1776 182 1813 ue
199 1768 229 1813 et
247 1759 412 1813 heredibus
424 1759 486 1812 suis
499 1757 578 1830 quod
594 1776 646 1812 nos
663 1757 771 1813 dictam
783 1766 892 1812 terrum
908 1757 988 1811 licite
1000 1757 1203 1827 ingrediamur

149 1856 179 1898 et
196 1845 291 1915 ipsam
314 1845 347 1897 iu
370 1852 521 1914 posterum
547 1843 578 1896 in
604 1860 707 1896 munus
733 1854 846 1896 nostrus
867 1843 1055 1905 retineamus,
1074 1854 1105 1896 et
1122 1842 1202 1912 quod

149 1929 214 1998 ipse
231 1938 261 1982 et
279 1926 410 1981 haeredes
429 1928 476 1981 sui
494 1935 599 1981 extunc
627 1926 664 1979 ub
680 1925 847 1980 omnimodo
868 1926 937 1995 jure
955 1936 985 1979 et
999 1927 1077 1996 juris
1096 1926 1202 1981 clomio

148 2011 265 2082 penitus
290 2010 482 2065 excludatur
509 2011 540 2063 in
569 2020 755 2081 perpetuum.
793 2009 919 2080 Insuper
949 2008 1027 2063 idem
1052 2011 1201 2066 walterus

144 2096 354 2166 jurameutum,
375 2108 430 2151 etc.
467 2094 598 2150 Eandem
617 2096 805 2149 securitatem
823 2095 940 2159 socient,
960 2102 1016 2150 etc.

450 2333 683 2400 DCCCXVII.
704 2333 754 2398 De
776 2331 895 2398 eodem„

183 2491 336 2546 Universis
364 2492 476 2547 Christi
505 2492 640 2547 fidelibus
667 2492 704 2545 od
723 2509 795 2561 quos
822 2509 951 2561 praescns
975 2492 1119 2562 scriptum
1136 2509 1201 2563 ρετ·
1215 2504 1304 2555 0111„
1395 2532 1398 2537 .

149 2577 273 2640 venerit,
292 2576 441 2630 Walterus
460 2576 496 2629 de
515 2575 681 2637 Audet-ere,
701 2575 826 2629 sulutem
845 2576 875 2628 in
894 2574 1021 2629 Domino
1039 2590 1187 2630 eternum.
1214 2587 1290 2622 ΙΨ·

183 2659 337 2714 Noveritis
351 2660 429 2729 quod
441 2678 508 2714 cum
520 2661 578 2713 riri
592 2659 724 2730 religiosi
742 2658 853 2712 domini
865 2660 924 2711 mei
936 2659 1025 2713 abhus
1038 2669 1068 2713 et
1080 2677 1203 2713 conveu-

149 2756 198 2798 tus
211 2745 311 2799 Sancti
329 2743 411 2797 Petri
431 2743 623 2798 Gloucestriae
641 2743 714 2796 mihi
733 2752 763 2796 et
774 2741 939 2796 haeredibus
960 2744 1034 2796 meis
1053 2761 1202 2797 concesse·

150 2829 209 2882 rint
235 2834 266 2881 et
289 2827 466 2882 tradiderint
490 2828 571 2881 illum
598 2838 706 2880 terrum
735 2828 766 2879 in
792 2825 895 2879 villum
923 2827 1096 2881 Glocestrire
1116 2845 1205 2897 quem

151 2912 271 2966 Juliuua
288 2912 371 2983 lory
390 2912 544 2965 antedictis
563 2911 645 2965 dedit
662 2910 822 2981 religiosis,
842 2928 908 2980 quae
927 2911 1047 2981 quidem
1070 2911 1152 2982 jacet
1169 2929 1204 2964 ex

151 2999 285 3068 opposito
311 2997 444 3050 ecclesiae
472 2995 571 3048 Beotae
594 2995 698 3048 Murice
727 3006 795 3048 ante
824 3008 940 3065 portam
973 2995 1097 3048 abbatim
1123 3014 1202 3060 sute3

150 3080 305 3135 tenendam
330 3080 367 3133 de
386 3078 497 3133 eisdem
531 3079 680 3147 religiosis
712 3079 742 3131 in
777 3092 952 3149 perpetuum
982 3097 1037 3149 pro
1066 3088 1204 3149 quotuor·

152 3164 248 3219 decim
268 3163 370 3218 solidis
383 3163 472 3216 annui
490 3161 624 3216 redditus
637 3161 675 3214 ud
688 3174 813 3231 quatuor
832 3162 901 3215 unni
919 3163 1059 3216 terminos
1084 3163 1203 3216 usuales

151 3248 263 3303 eisdem
280 3248 412 3319 plenarie
430 3246 588 3308 solvendis,
608 3264 642 3300 uc
668 3258 749 3300 secta
770 3245 808 3298 ud
825 3246 937 3298 curium
956 3264 1040 3299 suum
1058 3246 1094 3300 de
1114 3246 1204 3300 Glou·

150 3334 267 3394 cestria,
287 3332 423 3402 quotiens
441 3348 506 3384 eom
524 3330 619 3384 teneri
643 3329 801 3391 voluerint,
829 3341 917 3399 prout
941 3330 972 3383 in
999 3330 1109 3400 scripto
1125 3330 1202 3384 inter

149 3435 202 3472 noo
221 3418 353 3471 confecto
369 3415 486 3486 plenius
504 3416 680 3469 continetur.
717 3412 764 3467 Ne
783 3414 812 3466 in
831 3424 991 3483 posterum,
1012 3412 1090 3484 quod
1112 3414 1200 3476 absit,

148 3500 273 3555 zdilicia
296 3518 387 3572 super
404 3499 513 3553 dictam
537 3509 645 3552 terrum
671 3514 725 3568 per
749 3497 950 3566 impotentium
978 3513 1030 3550 sen
1056 3497 1200 3550 incuriam

148 3602 254 3649 meum,
281 3585 329 3638 rel
358 3583 485 3653 ulicujus
515 3582 665 3636 baeredmn
694 3597 837 3643 meorum,
868 3581 927 3634 sint
956 3579 1134 3634 deteriorata
1163 3580 1201 3634 ad

148 3668 292 3723 dictorum
311 3668 520 3738 religiosorum
543 3666 690 3736 jucturam
716 3672 747 3719 et
764 3681 935 3735 gravamen,
955 3665 1032 3727 volo,
1052 3673 1082 3718 et
1099 3673 1200 3719 tenore

149 3753 302 3824 presentis
322 3752 425 3823 scripti
448 3751 585 3812 concedo,
610 3767 664 3821 pro
690 3766 737 3802 me
763 3758 793 3803 et
818 3748 987 3803 heredibus
1014 3750 1097 3813 meis,
1121 3749 1200 3820 quod

151 3836 386 3908 quandocunque
405 3835 530 3890 edificio
548 3852 637 3906 super
654 3833 761 3888 dictum
779 3840 888 3888 terram
912 3840 1079 3888 cononum
1102 3836 1199 3889 minus

148 3920 365 3992 volantquam
383 3919 486 3974 decem
504 3937 617 3974 murcos
641 3918 862 3988 sterlingorum,
890 3936 943 3973 seu
969 3917 1200 3990 quandocunque

150 4004 284 4059 redditus
302 4003 429 4074 nlicujus
448 4004 567 4058 termini
585 4003 617 4056 in
634 4011 715 4056 curta
742 4019 809 4056 meo
835 4004 925 4057 notuti
954 4003 985 4056 in
1002 4010 1085 4073 purte
1103 4002 1151 4057 rel
1170 4004 1200 4057 in

149 4096 213 4143 toto
231 4087 309 4141 ultro
325 4088 414 4142 unius
441 4089 510 4141 unni
528 4087 657 4158 spatium
682 4104 735 4157 per
762 4104 809 4140 me
834 4086 881 4139 rel
900 4104 953 4157 per
970 4086 1101 4140 haeredes
1119 4096 1323 4149 meostsoct

56 4169 59 4172 ’
149 4173 191 4226 rit
207 4169 343 4226 detentus
361 4171 408 4226 rel
427 4171 583 4233 insolutus,
603 4169 682 4239 quod
706 4168 779 4224 dicti
806 4169 938 4240 religiosi
966 4169 1073 4224 dictum
1091 4179 1201 4224 terrum

149 4272 217 4309 cum
235 4255 369 4310 omnibus
394 4254 580 4325 pertinentiis
607 4253 728 4324 pacifice
754 4252 960 4323 ingrediantur
984 4262 1015 4307 et
1040 4253 1199 4318 obtineant,

149 4357 199 4394 me
216 4347 247 4394 et
263 4339 430 4393 heredibus
449 4339 522 4393 meis
550 4347 654 4392 extunc
679 4337 816 4401 exclusis,
836 4337 933 4406 quood
955 4336 1064 4392 dictam
1091 4347 1201 4392 terrum

149 4442 217 4480 cum
242 4423 444 4495 pertinentiis¹
475 4423 512 4477 ab
547 4422 626 4477 omui
658 4421 727 4491 jure
762 4428 792 4476 et
822 4422 900 4492 juris
936 4421 1042 4477 clamio
1077 4422 1108 4477 in
1136 4440 1202 4494 per·

147 4514 281 4580 potuum.

184 4590 222 4645 In
238 4591 324 4661 cujus
341 4589 396 4655 rei,
414 4599 471 4644 etc.

186 4798 1205 4865 'popebydiauwecobehmtisimtedintheffltdoremut

152 4875 499 4943 vimthedgudmrc.
