3218 5640
523 814 549 862 s
572 812 673 862 surm
696 809 949 860 ououcusrulr.
1196 793 1260 864 271
1334 791 1353 823 ⁸

213 1005 295 1050 certo
318 991 498 1056 confirmavi,
524 992 658 1046 Gslfrido
678 992 715 1046 de
733 992 881 1057 Westoue,
902 1011 989 1047 uuum
1007 1011 1105 1048 acram
1130 1003 1217 1048 terrae
1235 1002 1264 1046 et

213 1077 377 1142 dimidium,
411 1095 480 1132 cum
509 1079 571 1133 suis
601 1080 796 1150 pertinentiis,
833 1097 905 1150 quus
937 1079 1093 1150 aliquando
1117 1080 1199 1134 tenui
1227 1078 1265 1132 de

213 1164 352 1235 Philippo
375 1162 413 1217 de
438 1162 583 1219 Lilletuue
607 1164 638 1217 iu
660 1166 790 1218 manerio
814 1164 851 1219 de
882 1163 1096 1234 Hyuehumme,
1126 1164 1265 1218 videlicet

213 1267 301 1303 uuum
320 1265 417 1303 acrum
437 1265 503 1318 quae
516 1249 598 1319 jacet
615 1249 645 1302 in
662 1266 765 1320 cumpo
783 1248 819 1303 de
838 1249 1044 1319 Bonorthyu
1062 1249 1138 1302 infru
1155 1262 1263 1302 terrum

215 1352 280 1403 quae
303 1332 360 1387 suit
380 1331 501 1387 Roberti
527 1333 581 1386 filii
603 1332 730 1396 Asketil,
759 1352 825 1388 cum
853 1333 978 1404 (quadum
1006 1333 1152 1404 porticulo
1176 1334 1263 1404 prati,

214 1432 329 1472 etcum
350 1416 490 1471 salicibus
508 1417 603 1472 eidem
622 1436 697 1471 acrae
717 1417 928 1487 adjacentibus,
948 1424 978 1472 et
995 1417 1147 1471 dimidiam
1167 1435 1263 1471 uerum

214 1521 281 1573 quus
294 1503 375 1571 jacet
393 1503 424 1555 iu
441 1519 544 1572 cumpo
562 1502 609 1555 del
629 1503 719 1556 Holm
738 1504 816 1557 inter
838 1512 948 1558 terram
967 1521 1033 1573 qum
1061 1502 1116 1555 fuit
1143 1501 1264 1555 Roberti

213 1588 330 1642 Asketil
343 1596 373 1642 et
390 1596 500 1641 terram
519 1605 584 1657 quae
604 1587 660 1642 suit
677 1587 801 1642 Walteri
814 1586 938 1659 Gunny;
958 1587 1081 1642 tenenda
1093 1600 1122 1640 et
1133 1585 1247 1639 hsbeud

214 1672 271 1728 sibi
289 1680 320 1727 et
336 1671 502 1726 haeredibus
521 1673 583 1726 suis
602 1673 664 1727 sive
677 1674 836 1744 assignetis
848 1673 920 1737 suis,
932 1673 969 1727 de
987 1690 1034 1726 me
1052 1684 1083 1727 et
1098 1670 1264 1727 haeredffius

214 1757 288 1811 meis
307 1755 355 1811 vel
372 1756 540 1826 assignatis,
559 1756 662 1821 libere,
681 1757 789 1828 quiete,
808 1767 840 1813 et
857 1759 981 1828 integre.

250 1840 410 1896 Beddeudo
433 1841 502 1895 iude
520 1842 669 1896 aunuatim
693 1841 811 1896 domino
829 1843 927 1897 abbati
945 1851 976 1897 et
1000 1843 1156 1897 couventui
1174 1832 1389 1898 (ilos-HM·

214 1928 331 1984 cestriae
355 1938 416 1982 tres
443 1926 542 1981 obolos
570 1927 685 1997 argenti
715 1928 747 1981 in
770 1928 875 1998 vigilis
901 1927 1021 1981 Puschae
1046 1944 1099 1998 pro
1130 1929 1262 1982 omuibus

215 2013 356 2076 servitiis,
375 2012 475 2073 sectis,
494 2010 762 2077 consuetudinibus,
785 2023 815 2067 et
838 2011 998 2076 demendis,
1027 2013 1105 2067 sicut
1123 2031 1179 2083 ego
1206 2014 1263 2068 eis·

215 2099 283 2155 dem
305 2096 429 2152 reddere
455 2096 543 2150 debui
570 2108 600 2149 et
617 2097 765 2152 consuevi.
800 2097 866 2168 Ego
883 2115 954 2151 vero
982 2096 1123 2168 praedicta
1140 2096 1261 2159 Felicia,

215 2194 247 2240 et
262 2182 393 2239 haeredes
412 2180 460 2235 rel
480 2181 624 2252 assignati
651 2181 718 2244 mei,
744 2181 884 2251 praedicto
902 2181 1036 2235 Gulirido
1061 2181 1097 2234 de
1115 2181 1262 2241 Westoue,

215 2276 247 2325 et
275 2266 441 2323 haeredbus
467 2267 514 2320 rel
544 2266 702 2336 assignatis
729 2267 801 2329 suis,
832 2265 1004 2336 predictam
1032 2274 1152 2327 terrum,
1180 2265 1263 2320 cum¹

215 2351 379 2427 porticulu’
407 2352 495 2424 prati,
521 2362 552 2406 et
575 2352 637 2406 suis
664 2351 857 2422 pertinentiis,
879 2362 980 2406 contra
1005 2368 1105 2405 omnes
1132 2351 1263 2404 homines

215 2450 247 2495 et
273 2436 407 2491 toeminas
433 2435 698 2499 warantizabimus,
726 2445 756 2490 et
783 2435 1026 2507 perpraedictum
1051 2434 1208 2498 redditum,
1234 2436 1264 2488 in

215 2530 390 2596 perpetuum
408 2520 606 2575 defendemus,

252 2608 288 2664 Iu
305 2607 391 2678 eujus
408 2607 453 2661 rei
471 2605 682 2669 testimonium,
701 2616 758 2660 etc.

573 2903 780 2969 DCCCLIK
803 2904 910 2969 Ocere.

252 3081 395 3137 Ommims
413 3082 525 3139 Christi
550 3083 695 3148 fidelibus,
714 3083 862 3139 Johsuues
891 3084 968 3139 filius
987 3084 1109 3140 Heurici
1134 3084 1171 3139 de
1189 3085 1264 3140 Kur-
1277 3088 1366 3140 orde

214 3168 335 3241 myin,
367 3175 398 3223 et
427 3168 572 3223 Blandius
601 3187 674 3223 uxor
702 3168 777 3238 ejus,
807 3168 867 3246 fiJiu
893 3177 923 3224 et
952 3169 1046 3224 haeres
1071 3169 1197 3225 Gulfridi
1227 3171 1264 3225 de
1276 3173 1351 3206 W·

216 3252 364 3314 Westoue
385 3252 510 3307 salutem
529 3255 559 3306 iu
577 3252 712 3306 Domino.

250 3336 402 3391 Noveritis
429 3355 482 3392 uos
506 3336 694 3401 concessisse,
714 3354 768 3407 pro
792 3337 876 3391 uobis
902 3346 931 3392 et
959 3338 1124 3392 haeredssms
1143 3341 1262 3399 nostris,

215 3423 412 3488 confirmasse,
432 3436 462 3478 et
487 3425 617 3495 quietum
643 3423 793 3487 clamasse,
819 3423 935 3478 domiuo
954 3424 1091 3490 Johuuui,
1111 3427 1207 3481 abbati
1235 3439 1264 3480 et

215 3509 372 3563 couventui
401 3507 500 3563 Sancti
528 3507 609 3562 Petri
636 3506 838 3572 Gloucestriae,
864 3516 954 3562 totum
984 3518 1094 3563 terrum
1123 3520 1262 3576 nostrum,

214 3612 282 3648 curu
307 3593 442 3648 omnibus
472 3593 656 3664 pertiuentiis
684 3593 756 3657 suis,
783 3610 870 3664 quum
896 3591 1047 3648 Galfridus
1073 3594 1109 3647 de
1127 3594 1263 3649 Westoue

215 3678 362 3749 quondum
391 3677 486 3732 tenuit
516 3676 546 3730 iu
573 3674 678 3740 Overe,
710 3693 777 3731 cum
807 3677 885 3730 omui
909 3677 978 3746 jure
1006 3677 1084 3747 quod
1107 3678 1137 3732 iu
1162 3679 1262 3735 eudem

215 3761 393 3826 hubuimus5
418 3760 573 3815 tenendum
585 3769 615 3815 et
632 3759 794 3814 habendum
812 3759 923 3814 eisdem
941 3760 1038 3815 ubbsti
1050 3769 1081 3816 et
1098 3764 1264 3825 couventui,

214 3846 311 3900 solute
328 3855 359 3900 et
383 3846 507 3916 integre,
527 3845 638 3915 absque
656 3845 735 3898 omui
758 3844 951 3898 retinemento
966 3845 1044 3914 juris
1063 3853 1094 3901 et
1111 3846 1209 3901 clamii
1227 3847 1265 3902 ud

215 3948 268 3984 uos
293 3937 324 3984 et
349 3930 481 3984 haeredes
509 3936 624 3983 nostros
651 3928 717 3982 iude
743 3929 962 3999 pertinentium.
999 3928 1058 3984 Pro
1084 3930 1138 3985 huc
1165 3939 1262 3986 autem

215 4014 410 4077 concessione,
442 4013 607 4076 donatione,
638 4012 865 4075 confirmatione,
897 4026 927 4067 et
963 4014 1064 4084 quieta
1098 4015 1263 4079 clamantia,

215 4098 360 4153 dederum
383 4098 466 4152 uobis
491 4096 644 4168 praedicti²
668 4096 756 4150 abbas
784 4104 813 4151 et
839 4107 997 4152 conventus
1025 4097 1125 4153 decem
1152 4118 1264 4154 marcam

214 4185 338 4255 argenti,
366 4201 419 4253 pro
445 4183 551 4252 quibus
576 4199 629 4236 uos
657 4189 687 4235 et
714 4181 845 4235 haeredes
873 4183 966 4236 nostri
996 4189 1086 4238 totum
1113 4185 1263 4253 prefatam

213 4279 332 4331 terrum,
352 4285 420 4321 cum
444 4267 628 4337 pertiuentiis
656 4267 728 4328 suis,
754 4265 902 4336 praedictis
925 4267 1022 4322 abbati
1053 4276 1083 4322 et
1108 4270 1263 4323 conventui

251 4545 362 4610 ¹120&
381 4546 404 4594 u
426 4545 534 4593 imus
554 4544 580 4593 in
600 4543 643 4593 ue
660 4542 717 4593 irs.
730 4543 813 4593 before
826 4542 1091 4608 porcianistis
1110 4546 1154 4595 ue
1168 4547 1270 4612 signos

217 4640 410 4769 Qffl]
430 4703 575 4769 Originally
585 4703 684 4752 written
695 4701 830 4767 pram,
841 4704 887 4752 but
898 4704 1076 4769 subsequently
1088 4707 1189 4757 altered

250 4783 401 4849 ³121aequ
420 4782 1184 4848 Thelutietterosthinordisvritteuunouuuerusure.
