3218 5640
339 714 404 778 296
614 727 864 778 esurumnrun
886 730 1098 779 nonssrnnn

375 904 532 960 Reddendo
558 905 625 960 inda
649 907 798 961 annuatim
828 906 914 961 dictae
942 906 1056 962 Sibillae
1084 915 1114 963 et
1143 909 1312 964 haeredibua
1346 909 1396 963 rel

339 989 495 1061 assignatis
514 990 575 1043 suis
592 1008 683 1043 unum
701 1009 754 1061 par
772 991 993 1060 cyrothecarum
1006 992 1044 1046 ad
1062 992 1185 1057 Pascha,
1200 1000 1230 1048 et
1241 993 1396 1048 Willelmo

339 1075 399 1128 filio
417 1073 547 1144 Philippi
566 1073 602 1126 de
621 1073 739 1127 Ocholte
758 1080 788 1128 et
805 1073 970 1129 haeredibus
988 1077 1060 1140 suis,
1077 1077 1125 1131 vel
1145 1078 1206 1131 suis
1220 1077 1395 1148 assignatis,

340 1164 464 1229 quatuor
482 1157 616 1211 denarios
635 1157 672 1211 ad
691 1157 816 1211 eundem
835 1160 1003 1223 terminum,
1024 1178 1078 1231 pro
1096 1161 1231 1214 omnibus
1251 1161 1394 1224 servitiia

340 1242 437 1304 sectis,
469 1249 500 1296 et
528 1241 667 1310 querelis,
698 1242 967 1309 consuetudinibus,
1000 1250 1030 1297 et
1059 1244 1221 1299 domandis.
1268 1244 1310 1299 Et
1337 1262 1395 1316 ego

338 1325 495 1396 praedictus
508 1324 655 1379 Henricus
668 1326 818 1395 praelatam
837 1337 946 1380 terram
965 1327 1052 1381 dictis
1071 1328 1167 1382 abbati
1186 1334 1217 1382 et
1235 1329 1395 1384 conventui

339 1414 440 1464 eontra
457 1426 557 1462 omnes
576 1415 678 1478 gentes
696 1409 897 1464 warantizabo.

375 1492 411 1546 In
430 1491 513 1562 cujus
532 1491 576 1545 rei
594 1491 802 1556 testimonium,
823 1498 878 1547 etc.

484 1760 725 1826 DOCOXOIX.
755 1760 892 1845 Uptona
916 1760 1031 1846 quieta
1053 1760 1253 1826 clementio.

173 1936 242 1985 Ml·
258 1943 320 1987 1263
378 1943 479 1998 Sciant
501 1949 659 2013 praesentes
678 1949 708 1996 et
734 1942 836 2005 futuri,
857 1941 935 2012 quod
956 1960 1012 2013 ego
1032 1943 1137 1997 Sibilla
1155 1961 1221 2013 quae
1249 1943 1294 1997 sui
1319 1962 1395 1999 uxor

172 2006 265 2053 -mat

175 2069 214 2119 Of
220 2071 262 2120 the

172 2150 247 2187 rame.

341 2026 483 2080 Willelmi
497 2026 612 2088 Cruste,
632 2027 662 2079 iu
680 2026 799 2096 propria
811 2032 840 2079 et
857 2025 932 2095 ligia
948 2025 1092 2080 viduitate
1105 2033 1135 2080 et
1152 2031 1297 2096 potestate
1316 2046 1393 2091 moa,

340 2112 441 2165 remisi
460 2119 490 2165 et
508 2112 640 2182 quietum
658 2110 791 2173 clamavi,
812 2127 865 2180 pro
884 2128 930 2163 me
949 2116 978 2162 et
997 2109 1162 2164 haeredibus
1180 2110 1255 2165 meis
1274 2111 1307 2164 iu
1328 2129 1395 2182 per-

340 2202 470 2265 petuum,
497 2194 614 2248 domino
632 2192 805 2263 ReginaldO,
834 2192 931 2246 abbati
958 2193 1057 2247 Sancti
1082 2193 1164 2247 Petri
1188 2192 1394 2258 Gloucestrioe,

340 2285 370 2334 et
387 2277 519 2349 ejusdem
537 2278 594 2331 loci
613 2277 778 2339 conventui,
798 2282 892 2331 totum
917 2293 1015 2331 meum
1039 2276 1089 2346 jus
1109 2282 1138 2330 01
1156 2277 1296 2331 elamium
1316 2280 1396 2348 quod

339 2363 428 2418 habui
452 2363 500 2417 rel
526 2362 633 2415 habero
658 2361 739 2430 potui
767 2361 798 2414 in
820 2378 926 2414 novem
945 2359 1072 2415 denariis
1091 2360 1127 2414 de
1153 2378 1258 2415 annuo*
1273 2362 1395 2416 redditu

341 2465 414 2518 qnos
434 2447 469 2500 de
497 2446 576 2500 dicto
595 2445 710 2498 domino
738 2444 840 2498 abbate
863 2450 893 2497 et
918 2449 1063 2498 conventu
1082 2444 1233 2514 percipere
1261 2444 1395 2500 solebam

339 2531 376 2585 de
404 2530 529 2602 quodam
557 2533 722 2582 tenemento
749 2526 827 2597 quod
857 2526 893 2580 de
918 2544 966 2580 me
992 2526 1147 2596 aliquando
1173 2534 1333 2584 tenuerunt
1363 2530 1395 2584 in

296 2656 299 2662 .
339 2616 409 2669 villa
428 2614 463 2668 de
482 2613 614 2683 Uptone;
638 2611 805 2666 itascilicet
823 2609 900 2680 qnod
919 2628 974 2681 ego
992 2629 1046 2665 nec
1064 2611 1195 2665 haeredes
1214 2612 1273 2666 mei
1293 2613 1394 2684 aliquo

339 2704 469 2768 tempore
499 2697 611 2767 aliquid
637 2696 715 2766 juris
745 2695 793 2750 vel
820 2694 920 2749 clamii
950 2695 981 2748 iu
1010 2695 1097 2750 dictis
1127 2713 1232 2750 novem
1262 2695 1394 2753 denariis

338 2781 464 2834 clamare
483 2781 638 2850 possimne,
658 2785 711 2834 etc.

685 3045 840 3112 DOOCO.
868 3045 1045 3133 ll'odcleyo.

376 3229 476 3285 Sciant
500 3236 657 3301 praeseutes
683 3237 713 3285 et
738 3230 840 3292 futuri,
866 3230 944 3300 quod
971 3248 1027 3301 ego
1045 3231 1212 3296 Willelmus
1238 3232 1274 3286 de
1294 3232 1391 3295 Dana,

339 3332 460 3370 assensu
496 3321 526 3368 et
557 3315 706 3369 voluntate
737 3313 887 3366 haeredum
922 3330 1064 3377 meorum,
1096 3314 1215 3368 vendidi
1245 3315 1393 3386 quandam

339 3407 447 3454 terram
465 3416 560 3452 meam
579 3400 609 3452 iu
621 3397 790 3468 Wodeleya,
812 3415 865 3468 pro
877 3397 984 3467 viginti
1003 3403 1128 3467 quatuor
1146 3397 1258 3460 solidis,
1273 3399 1393 3470 Rogare

338 3489 408 3539 tuno
435 3483 573 3537 servienti
601 3482 713 3536 abbatis
738 3480 774 3534 de
799 3480 1067 3545 Churcbehamme;
1094 3480 1207 3535 scilicet
1234 3481 1392 3538 duodecim

338 3568 474 3621 seillones
494 3567 544 3638 qui
570 3564 781 3636 protenduntur
805 3563 835 3616 in
862 3563 1045 3633 longitudino
1071 3582 1089 3618 a
1105 3567 1155 3618 via
1171 3565 1267 3636 regali
1286 3584 1392 3621 versus

339 3652 493 3706 Sabrinam
512 3668 604 3719 nsque
623 3649 660 3702 ad
678 3654 787 3702 terram
805 3647 915 3716 Rogeri
928 3647 1027 3710 Penio,
1042 3655 1072 3702 et
1089 3649 1199 3703 tenebit
1217 3649 1392 3719 praedictam

338 3740 447 3788 terram
467 3734 502 3787 de
520 3752 567 3787 me
586 3739 616 3786 et
640 3731 805 3785 haeredibue
832 3730 915 3792 meio,
940 3730 990 3783 ille
1016 3738 1046 3784 et
1066 3731 1197 3785 haeredes
1218 3732 1276 3796 sui,
1297 3733 1390 3789 libere

338 3826 368 3873 et
387 3820 493 3890 quiete,
514 3818 633 3889 pacifice
653 3823 682 3870 et
699 3816 823 3885 integre.

373 3902 531 3957 Reddenda
557 3900 624 3954 inde
650 3899 798 3952 annuatim
825 3897 897 3951 duos
926 3896 1059 3951 denarios
1087 3897 1124 3951 ad
1151 3899 1260 3953 festum
1288 3901 1390 3956 Sancti

336 3986 500 4048 Michaelis,
520 4003 573 4055 pro
598 3983 676 4037 omni
703 3981 823 4036 servitio
843 3987 873 4035 et
900 3981 979 4034 omni
1007 3982 1163 4045 exactione,
1185 3983 1266 4038 salvo
1293 3985 1390 4055 regali

337 4070 457 4125 servitio
477 4068 553 4138 quod
578 4067 615 4121 ad
635 4073 748 4120 tautum
775 4069 971 4118 tenementum
989 4065 1125 4134 pertinet.
1163 4066 1201 4120 Et
1219 4066 1296 4136 egol
1314 4087 1388 4138 prae·

336 4154 432 4208 dietus
451 4152 617 4207 Willelmus
637 4157 667 4203 01
685 4148 816 4202 haeredes
834 4148 891 4201 mei
911 4147 1052 4218 praedicto
1070 4149 1187 4218 Rogero
1205 4155 1236 4204 et
1263 4151 1388 4205 haeredi-

336 4237 390 4291 bus
410 4237 471 4291 suis
491 4234 660 4306 praedictam
678 4241 786 4286 terram
811 4237 911 4285 eontra
929 4247 1027 4285 omnes
1046 4232 1178 4286 homines
1196 4238 1227 4286 et
1251 4234 1388 4290 foeminas

336 4320 597 4374 warantizabimus.

372 4403 456 4471 Quod
472 4410 506 4456 ut
524 4403 639 4456 firmum
658 4405 688 4454 et
706 4398 819 4461 stabile,
840 4410 895 4452 ete.

354 4623 361 4652 ¹
379 4629 402 4671 et
416 4621 437 4670 is
449 4621 559 4672 inserted
570 4622 596 4670 in
608 4621 651 4671 the
661 4619 719 4671 MS.
730 4620 815 4670 before
824 4618 965 4684 prodictus,
973 4619 1019 4668 but
1030 4618 1092 4669 with
1101 4619 1144 4669 the
1155 4619 1212 4685 sign
1224 4621 1255 4670 of
1262 4637 1370 4674 erasure.
