3218 5640
358 813 400 879 36
645 822 892 873 caurummuu
914 821 1122 873 uounsrnuu

192 1007 300 1057 tumbrel
361 1002 462 1058 ventui
474 1000 673 1067 Gloueestriae,
689 999 766 1072 quod
783 1000 908 1055 habeant
925 1001 955 1055 in
973 1007 1101 1057 mercato
1113 1017 1166 1055 suo
1178 1000 1214 1055 de
1225 997 1407 1055 Northleche

193 1139 270 1191 there.

193 1073 349 1140 ⁸1¹⁶l>ffl⁰¹7
361 1087 568 1142 tumberellum
586 1092 617 1141 et
633 1085 779 1157 pilorium,
799 1085 842 1140 ita
859 1093 892 1140 ut
911 1085 961 1156 qui
985 1085 1068 1156 digni
1092 1085 1202 1140 fuerint
1220 1103 1272 1155 pro
1289 1083 1408 1139 delictis

362 1171 424 1226 suis
449 1171 504 1225 hoe
531 1170 578 1226 vel
604 1170 656 1224 illo
681 1170 788 1242 puniri,
817 1187 869 1240 per
893 1169 1017 1225 ballivos
1044 1170 1157 1225 abbatis
1187 1175 1217 1224 et
1246 1174 1406 1224 conventus

362 1254 552 1310 Gloueestriaa
582 1255 774 1310 attachientur
800 1260 830 1308 et
855 1253 1032 1323 judicentur.
1083 1254 1286 1309 concessimus
1317 1253 1405 1307 etiarn

362 1339 440 1412 quod
458 1339 517 1394 alia
533 1338 642 1394 delieta
659 1339 689 1392 in
708 1339 784 1393 dicto
802 1355 876 1392 nevo
900 1343 1028 1393 mercato
1049 1356 1171 1401 emersa,
1191 1338 1275 1393 etad
1293 1337 1407 1391 dictum

357 1417 522 1478 'mercatum
540 1423 708 1492 spectantia,
728 1422 759 1476 in
776 1422 889 1477 curiam
907 1422 1019 1477 abbatis
1043 1430 1074 1477 et
1091 1428 1248 1477 conventus
1268 1421 1407 1476 Glouces·

361 1507 426 1562 trioe
453 1507 631 1562 deducantur
656 1512 687 1561 et
706 1506 885 1577 judicentur,
905 1506 947 1560 ita
971 1512 1005 1561 ut
1030 1524 1119 1578 penes
1141 1507 1274 1562 abbatem
1292 1512 1323 1561 et
1339 1523 1408 1559 eon·

336 1618 348 1633 ν
361 1597 480 1648 ventum
499 1589 689 1645 Gloueestriae
716 1596 864 1644 remaneat
888 1589 954 1644 finis
980 1595 1011 1644 et
1036 1591 1244 1646 misericordia.
1283 1589 1408 1645 (lonces-

362 1677 453 1731 simus
471 1674 559 1729 etiam
578 1673 655 1744 quod
679 1691 778 1728 amnas
796 1674 929 1728 homines
955 1673 987 1727 in
1010 1674 1088 1729 dicte
1111 1680 1238 1730 mercato
1255 1681 1407 1728 manentes

361 1760 485 1814 habeant
511 1759 588 1813 inter
613 1776 644 1813 sa
668 1758 816 1831 tepingam
841 1763 871 1813 et
889 1757 1039 1831 fripborg’,
1059 1765 1089 1813 et
1106 1759 1184 1830 quod
1207 1757 1408 1813 tautummodo

361 1844 456 1899 bisin
475 1860 548 1897 anno
566 1843 685 1897 veniant
701 1859 800 1896 eoram
824 1841 941 1897 ballivis
961 1843 1069 1897 uostris
1093 1841 1130 1896 de
1149 1842 1353 1913 Cyrencestria
1376 1843 1408 1896 iu

361 1928 444 1983 ouria
461 1927 573 1982 abbatis
591 1932 621 1981 et
637 1930 795 1981 conventus
815 1924 1006 1980 Gloueestriae
1022 1926 1058 1979 de
1070 1925 1257 1990 Northleche,
1270 1926 1409 1980 videlieet

361 2013 440 2068 eirca
458 2011 565 2066 festum
584 2010 684 2065 Sancti
701 2009 831 2075 Martini,
852 2015 882 2064 et
894 2011 972 2064 eirca
989 2010 1130 2081 hokeday,
1151 2010 1188 2064 ad
1205 2010 1409 2065 rationabilem

362 2095 615 2151 summonitionem
640 2093 816 2149 ballivorum
841 2101 1006 2149 nostrorum
1030 2094 1067 2148 ad
1091 2095 1188 2149 visum
1206 2095 1296 2149 franci
1315 2094 1408 2165 plegii

362 2178 536 2241 faciendum,
568 2178 609 2233 ita
639 2177 718 2248 quod
747 2194 846 2232 omnes
873 2183 1031 2249 proventus
1061 2183 1091 2232 et
1117 2179 1341 2234 amerciumenta
1371 2179 1409 2231 de

362 2262 465 2317 diebus
491 2263 552 2317 illis
578 2267 747 2317 remaneant
772 2261 869 2316 abbati
891 2270 921 2317 et
944 2262 1100 2317 conventui
1126 2262 1325 2317 Glaucestriae.
1371 2262 1411 2316 Et

363 2347 529 2418 quicunque
554 2347 585 2400 in
602 2345 750 2419 tepingem
771 2347 881 2400 intrare
904 2346 1040 2409 voluerit,
1059 2347 1107 2401 vel
1127 2347 1162 2400 de
1182 2346 1299 2418 totiuga
1317 2345 1407 2407 exire,

362 2449 460 2486 eoram
477 2430 594 2486 ballivis
612 2431 719 2484 nostris
738 2430 849 2485 eisdem
866 2430 969 2485 diebus
982 2430 1103 2485 intrabit
1119 2431 1166 2484 vel
1185 2431 1282 2484 exibit.
1311 2428 1409 2483 Salvis

362 2516 450 2571 etiam
479 2513 563 2568 nobie
593 2513 793 2568 tantummodo
822 2514 1055 2568 attacbiamentis
1085 2514 1259 2584 placitorum
1285 2529 1408 2575 coronae,

361 2605 393 2654 et
417 2597 588 2661 latronibus,
617 2603 648 2651 ot
671 2597 832 2652 latrociniis
860 2597 891 2650 in
915 2596 993 2652 dicto
1018 2603 1147 2651 mercato
1173 2596 1266 2668 captis
1293 2597 1340 2650 vel
1366 2601 1411 2650 at-

361 2682 507 2746 tachiatis,
527 2687 557 2736 et
580 2681 764 2751 komeliugis,
783 2686 813 2734 et
830 2679 947 2750 placitis
965 2679 1001 2733 de
1019 2681 1125 2734 namiis
1143 2681 1252 2744 vetitis,
1272 2687 1302 2735 ot
1329 2681 1410 2734 omni

363 2767 620 2838 imprisonamento
647 2764 697 2819 ubi
724 2765 794 2819 vitae
821 2763 868 2819 vel
894 2763 1018 2818 membri
1036 2764 1190 2819 diminutio
1207 2765 1359 2836 pertineat,
1381 2779 1412 2819 et

364 2869 464 2905 omnes
492 2849 557 2904 alite
584 2848 718 2919 loquelae,
746 2853 853 2919 praeter
876 2847 1007 2918 loquelas
1031 2850 1254 2920 praenominatas
1283 2866 1349 2920 quae
1380 2850 1412 2904 in

363 2935 441 2991 dieto
468 2951 542 2989 novo
568 2937 694 2988 mercato
720 2931 901 2998 emerserint,
929 2939 1095 2989 remaneant
1119 2951 1208 3005 penes
1226 2934 1359 2989 abbatem
1380 2940 1413 2990 et

362 3024 537 3075 conventum
569 3015 759 3072 (lloucestriae
795 3018 826 3072 in
855 3023 1039 3088 perpetuum.
1087 3018 1128 3073 Et
1160 3020 1326 3090 quicunque
1356 3037 1411 3089 pro

362 3108 493 3174 tempore
518 3101 608 3156 fuerit
633 3100 808 3172 praepositus
834 3101 955 3156 mercati
973 3100 1009 3155 da
1027 3100 1215 3167 Northleehe,
1236 3103 1324 3157 saciet
1341 3102 1411 3156 fide·

360 3187 475 3242 litatem
504 3185 587 3240 nobis
616 3183 653 3239 de
682 3184 806 3256 loquelis
836 3183 897 3239 illis
933 3203 1005 3256 quas
1035 3204 1123 3258 penes
1153 3205 1205 3242 nos
1234 3188 1411 3243 retinuimus

363 3270 488 3326 fideliter
517 3268 696 3324 ataehiaudis
724 3275 754 3324 et
782 3268 900 3324 ballivis
929 3270 1037 3325 nostris
1063 3270 1257 3326 ostendendis.
1293 3271 1333 3326 Et
1355 3289 1411 3342 pro

362 3354 420 3410 hiis
439 3332 673 3409 concessionibus
692 3358 723 3408 et
747 3352 932 3408 libertatibus
957 3353 1098 3409 habendis
1125 3355 1156 3409 iu
1180 3355 1258 3410 dieto
1281 3363 1413 3412 mercato

362 3445 393 3494 et
409 3436 525 3493 utendis
544 3436 675 3507 obligant
693 3453 725 3491 se
743 3434 876 3507 praedieti
895 3435 983 3492 abbas
1002 3443 1032 3493 et
1049 3445 1207 3494 conventus
1221 3438 1413 3494 Gloueestriae

363 3521 441 3595 quod
459 3522 567 3577 facient
583 3520 716 3575 homines
739 3536 841 3574 eorum
866 3519 902 3574 de
926 3520 1004 3576 dieto
1022 3528 1157 3586 mercato,
1177 3523 1316 3594 quamdiu
1335 3541 1413 3578 mer-

347 3611 459 3685 eatum
479 3604 554 3659 illud
570 3603 729 3668 duraverit,
744 3609 774 3658 et
791 3604 875 3658 firma
893 3610 1005 3676 septem
1022 3605 1240 3661 hundredorum
1258 3608 1289 3661 in
1307 3625 1413 3663 manus

364 3698 477 3746 nostras
495 3689 595 3753 suerit,
615 3688 684 3743 dare
703 3688 786 3744 nobis
804 3695 834 3742 et
853 3688 1070 3746 suecessoribus
1088 3692 1195 3746 nostris
1219 3697 1283 3746 oete
1301 3691 1412 3747 solidos

364 3775 573 3845 sterlingorum
591 3790 645 3844 per
665 3790 781 3837 amium,
801 3772 940 3828 videlicet
964 3773 1001 3827 ad
1019 3775 1145 3830 festum¹
1166 3775 1264 3830 Sancti
1288 3774 1412 3832 Martini

364 3864 489 3932 quatuor
515 3856 633 3921 solidos,
653 3863 683 3910 et
709 3856 746 3911 ad
769 3856 902 3928 hokeday
921 3863 1045 3928 quatuor
1069 3859 1185 3924 solidos,
1205 3877 1258 3931 pro
1276 3861 1412 3917 omnibus

364 3943 502 4015 querelis,
522 3939 731 4004 oecmiouibus,
752 3947 782 3994 et
805 3941 1048 4006 amerciameutis,
1068 3947 1097 3996 et
1113 3942 1200 3996 rebus
1219 3943 1286 3997 aliis
1304 3943 1342 3998 ad
1358 3961 1412 4001 nos

364 4026 595 4098 pertinentibus;
624 4024 666 4079 ita
693 4029 790 4078 tamen
817 4024 895 4096 quod
914 4042 1013 4081 omnes
1038 4025 1082 4080 illi
1102 4027 1152 4097 qui
1170 4026 1229 4081 alia
1246 4033 1413 4085 tenemento

364 4117 465 4166 tenant
491 4127 577 4181 qnam
603 4108 639 4163 de
666 4108 810 4179 burgagio
837 4116 867 4163 et
890 4109 1036 4180 burgagia
1055 4109 1164 4166 habent
1180 4111 1210 4165 in
1228 4119 1357 4167 mercato
1375 4112 1413 4168 de

364 4193 543 4250 Nortbleche
567 4191 688 4247 eandem
716 4198 824 4247 sectam
845 4192 954 4248 saciant
976 4195 1013 4249 ad
1036 4193 1186 4249 hundreda
1208 4200 1306 4251 nostra
1324 4213 1413 4270 qiman

365 4284 432 4334 ante
450 4277 570 4331 mercati
588 4277 824 4332 constitutionem
842 4277 938 4332 faeere
956 4286 1177 4334 consueverunt.

401 4362 440 4416 Et
468 4367 503 4416 ut
532 4360 594 4415 haee
623 4360 721 4414 omnia
749 4366 813 4416 rata
841 4367 872 4417 et
907 4361 1024 4417 stabilia
1057 4368 1253 4434 permaneant,
1284 4382 1415 4436 praeseus

365 4450 446 4503 carta
472 4444 509 4500 ad
534 4443 651 4498 modum
677 4445 853 4516 cyrographi
878 4446 955 4501 inter
981 4465 1033 4502 nos
1060 4448 1190 4504 conferta
1213 4455 1267 4514 est,
1288 4459 1317 4504 ot
1336 4453 1415 4522 parti

400 4674 407 4703 ¹
426 4671 571 4736 adsertam]
589 4672 680 4721 Added
696 4672 721 4720 in
733 4672 776 4722 the
792 4674 890 4737 margin
907 4673 934 4722 in
944 4689 960 4724 a
970 4673 1086 4726 different
1097 4675 1171 4736 hand,
1183 4676 1233 4726 and
1244 4676 1272 4725 in
1283 4691 1345 4742 very
1356 4676 1415 4747 pale

365 4753 419 4803 inl.
