3218 5640
356 793 421 864 174
647 805 896 859 (munitarum
918 803 1127 857 nouasrenu

355 987 421 1057 ngo
446 989 554 1051 autem
577 984 751 1043 vicesimum
778 989 893 1040 sextum
911 1001 1018 1039 annum
1043 983 1074 1038 in
1099 981 1269 1053 episcopatu
1295 974 1411 1051 agens,¹

356 1076 423 1128 anto
441 1071 642 1144 episcopatum
667 1087 737 1124 vero
763 1069 886 1139 triginta
902 1069 934 1123 in
950 1067 1073 1139 pretato
1091 1065 1268 1121 monasterio
1287 1063 1412 1135 degens,

356 1161 448 1211 testor
471 1173 569 1211 coram
588 1154 650 1208 Deo
676 1160 706 1208 et
733 1153 886 1208 sanctitate
914 1159 1022 1215 vestra,
1050 1151 1128 1222 qnod
1155 1151 1185 1203 in
1210 1148 1307 1220 primo
1334 1163 1414 1201 anno

357 1258 416 1310 qno
440 1240 516 1296 illud
540 1237 750 1294 monasterinm
768 1238 921 1309 ingressus
941 1254 1016 1298 sum,
1036 1235 1182 1290 Robertus
1201 1234 1332 1296 Gernun,
1360 1231 1414 1302 qui

358 1330 428 1379 tnnc
447 1325 564 1396 plenam
576 1324 804 1378 dominationem
824 1323 855 1376 in
874 1320 972 1377 fundis
990 1321 1267 1392 praenominatarum
1292 1315 1416 1372 ecolesi-

357 1427 441 1465 arum
470 1408 628 1471 obtinebat,
659 1407 777 1463 easdem
805 1406 944 1462 ecclesias
970 1424 1037 1461 cnm
1063 1406 1199 1460 omnibus
1225 1403 1415 1475 pertinentiis

357 1510 460 1547 earum
481 1492 564 1548 dedit
581 1491 654 1556 Deo,
680 1499 711 1547 et
737 1491 843 1546 Sancto
866 1490 965 1554 Petro,
986 1495 1015 1544 et
1033 1490 1122 1544 Petro
1143 1489 1241 1544 abbati
1259 1494 1291 1544 et
1315 1505 1418 1543 mona·

357 1577 421 1632 ohis
446 1576 649 1641 Gloncestriae,
670 1576 722 1647 qni
742 1593 777 1629 ex
795 1580 865 1629 tuno
883 1592 977 1645 nsque
1002 1575 1033 1628 in
1050 1579 1225 1645 praesentem
1244 1572 1325 1627 diem
1354 1590 1415 1636 eas,

357 1678 499 1716 consensu
517 1661 720 1732 episcoporum
738 1659 996 1721 lincolniensium,
1016 1659 1048 1712 in
1066 1676 1190 1730 qnorum
1209 1657 1331 1712 dioecesi
1352 1658 1418 1712 site

357 1745 557 1807 dinoscuntur,
589 1744 807 1800 confirmatione
839 1761 956 1814 quoqne
984 1744 1066 1814 regis
1103 1742 1228 1796 chrici
1256 1742 1350 1812 primi
1388 1748 1419 1795 et

357 1828 488 1893 secundi,
509 1829 601 1883 libere
630 1835 661 1883 et
686 1829 786 1899 quiete
806 1827 1008 1899 possederunt,
1030 1827 1112 1881 etin
1130 1827 1174 1880 eis
1193 1825 1327 1889 clericos,
1349 1843 1419 1880 auo-

357 1915 474 1970 toritate
502 1913 752 1969 Lincolniensinm
778 1914 981 1986 episcoporum
1006 1912 1142 1966 continue
1161 1912 1367 1975 instituerunt,
1389 1916 1419 1965 et

357 1999 513 2070 pensiones
525 2015 635 2053 annuas
647 1998 684 2051 ab
703 1997 746 2052 eis
759 2005 961 2068 snscepertmt,
975 2003 1095 2068 excepto
1108 1996 1187 2067 qnod
1199 1995 1271 2050 belli
1283 2003 1419 2067 tempore

361 2101 459 2137 comes
487 2082 655 2137 Gilebertus
682 2080 745 2153 jam
772 2080 844 2135 dicti
874 2080 909 2135 G.
942 2087 1022 2136 tutor
1053 2085 1081 2134 et
1109 2080 1279 2152 patrimonii
1304 2086 1418 2145 custos,

360 2167 512 2221 occasione
531 2165 703 2221 hostilitatis
730 2183 796 2236 quae
814 2166 845 2219 in
857 2183 949 2236 regno
966 2164 1172 2236 praevaluerat,
1192 2165 1223 2218 in
1242 2164 1420 2235 saepediotas

360 2252 499 2306 ecclesias
528 2250 672 2321 quendam
699 2250 839 2304 clericum
866 2249 1019 2319 Paganum
1044 2248 1161 2303 nominc
1187 2249 1309 2320 proprio
1335 2254 1419 2303 motu

360 2335 484 2390 induxit.
522 2334 606 2388 Unde
630 2333 804 2388 venerabilis
831 2334 921 2388 irater
945 2340 1044 2387 noster
1063 2332 1241 2398 Gilebertus,
1271 2332 1420 2389 Londoni·

241 2421 280 2470 t.
360 2420 441 2474 ensis
466 2419 631 2490 episcopus,
659 2418 710 2488 qui
741 2426 811 2472 tune
841 2418 872 2471 in
901 2422 1061 2470 memorato
1091 2417 1271 2473 monasterio
1302 2417 1420 2473 abbatis

364 2503 458 2558 efficio
495 2502 682 2572 fungebatur,
714 2501 752 2555 ad
788 2501 956 2572 episcopum
992 2501 1228 2557 Lincolniensem
1266 2503 1421 2572 querelam

361 2588 495 2642 deserens
508 2586 649 2641 adversus
658 2586 720 2657 jam
732 2585 894 2640 nominatos
913 2586 1049 2642 comitem
1065 2591 1096 2639 et
1107 2587 1258 2651 clericum,
1273 2587 1423 2642 actionem

362 2670 500 2733 institnit,
520 2670 598 2725 etin
616 2669 703 2741 plena
720 2668 840 2741 synodo,
859 2669 1045 2724 manifestata
1056 2671 1192 2734 renitate,
1211 2671 1422 2726 investituram

363 2753 522 2809 earundem
552 2754 744 2809 ecelesiarum
778 2770 832 2824 per
862 2771 981 2807 manum
1011 2751 1108 2807 Dorid
1145 2753 1346 2810 archidiaconi
1384 2755 1423 2810 de

364 2838 554 2908 Bnkingham
580 2836 713 2891 obtinuit.
751 2836 855 2891 Testor
880 2837 969 2892 etiam
995 2837 1073 2907 qnod
1099 2844 1184 2909 pater
1209 2837 1360 2895 Gileberti
1385 2839 1423 2894 de

363 2921 549 2983 blnntficbet,
576 2920 744 2975 Willelmus
774 2921 913 2976 videlieet
943 2921 979 2975 de
1006 2921 1190 2986 Mnntficltet,
1220 2923 1273 2993 qni
1296 2924 1425 2996 praefato

364 3005 494 3060 Robertc
512 3003 633 3060 Gemun
651 3005 761 3075 absque
786 3004 904 3060 berredo
922 3005 1060 3061 defuncto
1085 3024 1121 3059 ex
1148 3007 1305 3062 donatione
1338 3008 1425 3080 regis

364 3088 488 3144 Henrici
519 3089 608 3160 primi
642 3088 672 3142 in
701 3089 910 3161 patrimonium
941 3088 1024 3143 illins
1048 3091 1200 3154 successit,
1227 3089 1425 3148 Gloecestriae

364 3173 495 3238 veniens,
514 3173 677 3246 capitulum
695 3174 818 3228 fratrum
834 3173 986 3245 ingressus
999 3188 1054 3239 est,
1068 3182 1099 3228 et
1116 3192 1219 3230 eornm
1237 3177 1426 3233 orationibus

364 3276 397 3313 ee
414 3257 518 3313 devote
541 3258 736 3317 committens,
752 3258 803 3327 jus
815 3258 973 3312 eorundem
992 3258 1241 3314 monachornmin
1252 3260 1427 3332 saepedictis

365 3341 500 3398 eeclesiis
529 3342 700 3413 recognovit
730 3340 767 3395 de
795 3342 913 3396 clericis
942 3360 1043 3398 eomm
1074 3344 1183 3413 quibus
1210 3361 1261 3399 cas
1300 3345 1428 3401 commi-

365 3436 465 3482 serant
490 3438 678 3498 eonquestns,
706 3424 785 3498 quod
812 3443 865 3498 per
890 3426 1033 3482 incuriam
1059 3445 1161 3484 eorum
1179 3428 1257 3485 mule
1275 3437 1428 3503 cooperto

366 3511 501 3566 tineent.

402 3585 479 3657 Hoc,
499 3594 570 3667 qnia
596 3595 664 3649 risu
688 3600 718 3649 et
744 3593 849 3649 auditu
866 3595 1013 3659 norimus,
1034 3613 1090 3668 ego
1115 3612 1147 3653 et
1172 3597 1274 3668 plures
1294 3600 1428 3655 numum

366 3678 512 3752 prelibati
530 3679 700 3734 monasterii
725 3678 820 3733 adbuc
848 3680 1030 3750 superstites,
1050 3698 1121 3736 reru
1147 3684 1311 3738 assertione
1338 3686 1430 3740 testi-

368 3764 501 3827 ficamur,
520 3774 577 3818 etc.

703 4029 864 4097 DCCXl'.
888 4033 938 4098 Dc
960 4036 1080 4100 calent.

199 4183 349 4239 muel
404 4189 575 4245 Reverendo
609 4190 727 4248 domino
751 4206 780 4249 et
811 4193 888 4264 putri
918 4210 973 4249 sno
1001 4192 1222 4267 ,tjemomy
1250 4198 1431 4270 dignatione

201 4256 294 4304 ⁴¹³
368 4271 469 4329 nam
504 4273 626 4331 Summo
662 4276 808 4335 emunt
839 4274 1002 4349 rejacens]
1035 4279 1252 4349 inmensis
1290 4285 1432 4342 ecclesie

201 4329 292 4449 R*
368 4357 503 4414 minister
520 4358 669 4430 indiguus.
688 4361 900 4419 renidentem
918 4380 1008 4433 qnam
1025 4362 1156 4420 debitam
1175 4367 1405 4438 subjectionem.

399 4516 521 4524 ——-..-
625 4522 724 4530 ,,--.-,
744 4524 797 4529 --..
822 4522 964 4529 ——-·---

404 4614 494 4664 ‘ns
520 4618 609 4682 brim
630 4620 674 4670 tlte
694 4622 753 4670 tan
773 4621 805 4670 ot*
826 4620 870 4670 tte
920 4621 1432 4691 *keixmmpsmedtothe

369 4693 868 4763 tanaunttaeymntt
919 4701 1133 4753 metuent

369 4770 868 4840 wentanum
950 4780 1188 4835 mmmm
