3218 5640
367 783 432 845 282
649 795 897 869 clarumumar
920 795 1133 848 nounsrnnn

365 970 545 1027 haereditatis
563 989 636 1027 mem
655 972 685 1026 in
706 973 889 1036 purclestone
904 973 941 1027 do
952 973 1065 1029 Thema
1076 973 1113 1028 de
1126 972 1289 1029 Oormalles
1301 971 1420 1028 domino

365 1074 449 1123 meo;
469 1057 624 1112 tenendam
643 1064 673 1111 et
696 1058 860 1113 hahendam
884 1058 915 1113 in
932 1077 1037 1130 puram
1056 1059 1256 1124 elemosinam,
1276 1059 1371 1115 libere
1388 1064 1420 1114 et

365 1141 474 1212 quieto,
501 1141 532 1195 in
559 1147 743 1213 perpetuum,
770 1144 806 1198 ab
834 1143 969 1198 omnibus
994 1143 1134 1208 servitiis,
1160 1143 1370 1210 exactionibus,
1390 1147 1421 1199 et

365 1225 553 1280 saecularibus
572 1226 733 1290 domandis,
753 1227 826 1281 mihi
845 1234 875 1283 et
893 1227 1061 1283 haeredibus
1079 1228 1152 1283 meis
1170 1228 1395 1300 pertinentibus.

400 1308 559 1363 Reddenda
571 1309 639 1364 inde
657 1311 952 1366 a1muatimJohanni
970 1312 1007 1366 de
1027 1311 1189 1368 Cormalles
1207 1313 1325 1368 domino
1341 1329 1418 1378 meo,

364 1403 394 1450 et
412 1395 578 1451 haeredibus
596 1395 668 1460 suis,
687 1400 811 1465 quatuor
830 1395 939 1452 solidos
958 1397 1122 1453 aelfestum
1144 1397 1242 1454 Sancti
1261 1396 1418 1453 Michaelis

363 1497 416 1549 pro
435 1479 570 1535 omnibus
589 1479 728 1545 servitiis,
748 1480 825 1535 sieut
843 1497 898 1551 ego,
917 1487 947 1536 et
968 1481 1101 1537 haeredes
1119 1481 1179 1537 mei
1196 1481 1319 1537 reddere
1342 1482 1419 1538 sole·

363 1567 466 1641 bamus
497 1572 527 1621 et
553 1567 748 1633 debebamus;
780 1575 810 1622 et
841 1568 973 1622 faciendo
1007 1568 1161 1625 servitium
1190 1568 1290 1639 regale
1320 1568 1418 1624 eidem

364 1658 505 1722 quantum
529 1651 657 1721 pertinet
684 1651 720 1705 ud
745 1651 827 1706 illam
855 1652 964 1722 hydam
989 1659 1095 1720 terrm3
1121 1653 1202 1731 salva
1231 1661 1329 1710 tamen
1359 1672 1418 1710 una

363 1736 480 1807 virgata
497 1743 584 1791 torrae
608 1735 644 1790 de
662 1736 803 1806 predicta
827 1735 897 1791 hida
915 1755 1003 1808 (luam
1021 1737 1088 1792 dedi
1107 1738 1138 1792 in
1155 1738 1281 1793 liberum
1299 1738 1418 1793 marita·
1475 1780 1480 1789 .

363 1821 448 1890 giam
459 1821 609 1876 Willelmo
629 1821 670 1876 Lo
687 1820 795 1885 Brund,
816 1838 883 1876 eum
896 1820 1016 1877 Annora
1034 1822 1095 1876 filia
1112 1840 1185 1888 mea,
1200 1829 1230 1878 et
1247 1823 1415 1879 haeredibus

363 1923 398 1960 ex
424 1906 467 1960 eis
496 1905 696 1971 venientibus;
725 1905 873 1960 reddendo
900 1906 968 1961 inde
999 1907 1149 1962 annuatim
1178 1907 1326 1978 praedictis
1353 1925 1413 1963 mo·

363 1991 464 2046 uaehis
493 1988 685 2046 Gleucestriae
715 2009 803 2045 unam
835 1991 943 2046 libram
972 1991 1083 2063 piperis
1113 1992 1150 2047 ad
1178 1993 1288 2048 festum
1312 1992 1414 2048 Sancti

362 2075 526 2140 Michaelis,
553 2075 629 2130 sicut
648 2074 721 2128 mihi
745 2081 776 2130 et
792 2075 959 2131 haeredibus
984 2076 1059 2132 meis
1083 2075 1205 2132 reddero
1232 2077 1366 2132 solebant
1385 2083 1416 2132 et

364 2159 515 2224 debebant,
535 2165 566 2214 et
585 2159 716 2214 faciendo
735 2159 890 2215 servitium
908 2161 1009 2231 regale
1027 2161 1138 2216 eisdem
1156 2161 1307 2217 monachis
1325 2179 1416 2233 quan·

363 2251 426 2300 tum
453 2244 581 2315 pertinet
611 2243 649 2298 ad
674 2244 758 2298 illam
787 2245 935 2316 virgatam
960 2250 1057 2302 terrm.
1106 2246 1138 2301 si
1166 2263 1236 2302 vero
1259 2246 1416 2319 contigerit

364 2329 527 2385 Joha1mam
548 2329 639 2383 filiam
664 2334 694 2383 ot
717 2329 864 2384 haeredem
882 2329 1008 2385 Annoras
1032 2331 1101 2386 filias
1122 2348 1194 2385 meae
1213 2331 1276 2386 sine
1296 2330 1412 2387 haerede

362 2413 398 2469 de
422 2432 509 2470 carne
528 2432 581 2468 sua
599 2414 703 2469 mertis
721 2414 853 2469 debitum
872 2415 995 2480 solvere,
1016 2415 1069 2470 illa
1089 2415 1203 2486 virgata
1220 2421 1306 2470 terras
1325 2433 1412 2487 qnam

361 2498 430 2552 dodi
452 2499 484 2553 in
509 2497 700 2568 maritagium
725 2517 792 2553 cum
822 2499 943 2555 Annora
970 2500 1031 2554 filia
1056 2499 1195 2572 praedicta
1219 2505 1312 2556 matre
1338 2518 1411 2572 prle-

362 2584 448 2638 dieta
474 2582 624 2648 Johannse,
651 2583 688 2638 ud
713 2584 868 2653 praedictos
895 2584 1063 2650 monachos,
1088 2603 1155 2640 cum
1184 2585 1316 2641 omnibus
1346 2603 1409 2656 per-

360 2667 491 2723 tinentiis
517 2669 589 2732 suis,
614 2667 645 2721 in
671 2685 785 2739 puram,
812 2668 944 2735 liberam,
967 2676 998 2724 et
1017 2676 1188 2742 perpetuam
1213 2669 1407 2735 elemosinam,

362 2754 424 2809 sine
450 2753 530 2808 omni
554 2753 701 2808 calumnia
724 2755 783 2808 mei
807 2755 854 2810 vel
879 2755 1030 2810 haredum
1054 2773 1182 2822 suorum,
1202 2754 1294 2811 libere
1311 2772 1405 2813 rever·

361 2845 450 2894 tetur.

396 2923 435 2976 Et
452 2925 486 2976 ut
503 2921 565 2976 hac
583 2939 649 2976 mea
672 2921 787 2978 donatio
805 2929 835 2978 et
852 2924 1002 2982 concessio
1027 2925 1116 2982 robur
1137 2923 1263 2982 obtineat
1287 2924 1319 2982 in
1341 2941 1401 2998 per·

360 3012 491 3081 petuam,
512 3010 686 3078 praesentem
704 3014 826 3073 cartam,
848 3014 903 3064 ete.

627 3343 911 3414 DOOOLXXIII.
936 3346 1145 3414 medantam.

399 3551 501 3606 Sciant
518 3552 676 3620 praesentes
695 3552 726 3601 ct
743 3547 844 3611 futuri,
860 3547 937 3617 quod
955 3565 1011 3615 ogo
1024 3546 1043 3600 J
1045 3546 1170 3599 oharmes
1188 3540 1224 3596 do
1236 3536 1391 3597 Cormailles

362 3635 503 3700 concessi,
523 3639 553 3688 ct
576 3632 754 3696 confirmavi,
775 3650 828 3702 pro
850 3638 946 3686 meet
968 3631 1134 3686 har-edibus
1161 3627 1242 3692 meis,
1261 3623 1352 3680 abbati
1366 3627 1390 3675 et

361 3719 517 3778 conventui
549 3718 650 3774 Sancti
679 3717 761 3772 Petri
788 3717 991 3780 Gloucostriae,
1020 3716 1050 3770 in
1079 3715 1208 3777 liberam,
1237 3726 1342 3782 puram,
1365 3707 1389 3758 el

277 3848 283 3857 .
360 3813 533 3880 perpetuam
544 3802 744 3865 elomosinam
764 3807 825 3857 tres
843 3802 974 3871 virgatas
992 3806 1080 3856 terrae
1099 3799 1309 3865 de-tenemeuto
1324 3805 1384 3852 meo,

360 3911 429 3948 eum
457 3889 591 3945 omnibus
616 3885 800 3958 pertinentiis
825 3904 927 3941 earum
951 3886 982 3939 in
1008 3870 1186 3947 Radenharh
1211 3896 1281 3950 quas
1305 3875 1383 3970 Lucas

360 3978 397 4034 do
416 3973 596 4039 Olanefelde,
616 3991 684 4028 cum
702 3971 841 4035 Rohcrto,
860 3970 1019 4035 Willelmo,
1041 3976 1071 4024 et
1091 3970 1188 4027 Walte
1243 3962 1307 4018 filiis
1322 3974 1379 4054 salt

359 4062 471 4118 eisdem
490 4058 588 4115 abbati
607 4063 636 4112 et
659 4057 814 4112 conventui
839 4056 870 4109 in
894 4061 1066 4126 perpetuam
1091 4056 1224 4112 clamosi.
1296 4042 1376 4107 dfidlit

360 4154 390 4204 et
419 4164 507 4202 unam
537 4144 643 4199 libram
669 4141 780 4213 piperis
807 4141 843 4195 do
871 4141 924 4195 illa
953 4141 1070 4211 virgata
1098 4159 1186 4211 quam
1214 4142 1253 4198 id,
1298 4126 1375 4185 1⁸⁵⁸

359 4232 443 4288 dedit
466 4229 617 4287 Willelmo
643 4226 672 4280 le
695 4225 795 4280 Bluud
819 4242 886 4279 cum
912 4226 1031 4280 Annera
1055 4224 1116 4278 filia
1144 4244 1197 4280 saa
1227 4228 1259 4283 in
1310 4274 1313 4279 .

359 4316 569 4388 maritagium;
595 4317 626 4368 et
642 4309 796 4367 duodecim
814 4308 949 4364 denarios
968 4327 1041 4379 quos
1060 4308 1207 4365 Robertns
1227 4312 1298 4369 Rufi
1346 4368 1350 4377 ,

359 4404 439 4459 dicto
458 4403 546 4457 Laese
572 4403 602 4454 ct
628 4394 795 4452 heredibus
818 4394 881 4465 suis
909 4394 1058 4448 annuatim
1082 4393 1206 4448 reddere
1231 4398 1326 4455 debeb

360 4490 450 4545 etiam
467 4485 568 4557 regale
587 4481 741 4538 servitium
759 4479 795 4533 do
820 4478 970 4549 praedictis
989 4478 1105 4548 virgata
1130 4484 1217 4533 torrae
1237 4490 1267 4537 et
1287 4485 1331 4541 Ro
1377 4520 1380 4525 -
1416 4556 1419 4563 Ι
1451 4472 1472 4557 ;’

361 4574 456 4638 Rufo;
482 4566 609 4626 tenenda
626 4572 656 4621 et
681 4563 815 4620 habenda
835 4562 933 4617 omnia
959 4562 1107 4632 pradictus,
1127 4562 1220 4619 libero
1247 4574 1277 4621 et
1303 4574 1354 4640 qui
1403 4562 1454 4623 ··„..-⁴⁵²

360 4661 392 4715 in
409 4661 602 4731 perpetuum
630 4650 720 4708 salvis
738 4647 812 4704 mihi
830 4654 860 4703 et
883 4647 1050 4703 haeredibus
1068 4648 1141 4703 meis
1160 4654 1286 4718 quatuor
1304 4658 1376 4713 solia,

360 4743 511 4804 annuatim
535 4738 573 4797 ad
598 4739 707 4794 festum
726 4733 826 4792 Sancti
851 4732 1005 4790 Michaelis
1031 4751 1084 4804 pro
1111 4733 1244 4791 omnibus
1270 4743 1385 4799 servitii
