3218 5640
348 785 414 849 200
626 795 876 846 chamaam
896 797 1108 847 nouasrsnn

348 974 457 1023 terram
476 986 541 1039 quae
559 968 616 1023 ruit
629 967 763 1038 Gylberti
781 968 911 1038 Mayllyn
929 986 964 1021 ex
982 975 1065 1038 parte
1082 986 1140 1023 una
1158 974 1188 1022 et
1206 973 1315 1022 terram
1327 981 1396 1035 quae

349 1052 407 1106 fuit
425 1051 550 1105 Gilberti
568 1053 717 1123 praepositi
737 1070 771 1105 ex
790 1052 890 1115 altera,
911 1058 940 1106 eb
957 1070 1045 1105 unam
1070 1051 1223 1105 dimidiam
1240 1067 1340 1105 aeram
1364 1048 1399 1102 in

350 1134 435 1190 Sane
454 1153 518 1205 quta
533 1135 613 1204 jacet
627 1135 712 1205 juxta
728 1140 838 1189 terram
857 1153 922 1205 quse
940 1136 997 1190 suit
1015 1135 1126 1206 Rogeri
1143 1135 1180 1189 de
1198 1135 1228 1188 la
1246 1133 1351 1197 Forde‚
1366 1137 1399 1186 eb

350 1235 437 1271 unam
457 1236 553 1272 acrum
579 1218 609 1271 iu
635 1219 791 1288 Mereney,
812 1237 876 1290 quae
900 1219 980 1289 jacet
1002 1219 1087 1288 juxta
1110 1226 1220 1273 terram
1247 1236 1312 1288 quae
1338 1216 1401 1270 fuit

351 1301 474 1357 Henriei
491 1301 528 1355 de
546 1302 735 1366 Burenhulle‚
756 1309 786 1357 et
805 1320 892 1356 unam
910 1302 1061 1356 dimidiam
1079 1320 1180 1357 acram
1195 1302 1227 1355 in
1244 1301 1400 1354 Bemares·

351 1385 467 1455 forlong
486 1405 551 1456 quas
566 1386 646 1455 jacet
659 1387 745 1456 juxta
761 1392 870 1440 terram
895 1404 960 1457 quae
984 1386 1040 1439 suit
1057 1386 1168 1455 Rogeri
1186 1384 1223 1438 de
1241 1384 1271 1438 la
1288 1382 1399 1447 Forde‚

352 1475 382 1524 ot
399 1469 487 1523 aliam
504 1470 656 1524 dimidiam
674 1488 770 1524 aeram
783 1488 849 1539 qnae
863 1469 943 1538 jacet
954 1469 1031 1523 inber
1042 1475 1151 1522 terram
1164 1468 1296 1522 ecolesiae
1309 1467 1399 1520 diotae

351 1553 431 1606 villis
456 1559 486 1607 et
511 1560 621 1607 terrum
651 1553 723 1606 dieti
749 1553 858 1621 Rogeri
886 1552 922 1606 de
954 1552 983 1606 la
1007 1552 1111 1616 Fordo‚
1139 1557 1169 1606 eb
1193 1569 1282 1605 unam
1308 1550 1399 1604 aliam

351 1635 504 1690 dimidiam
521 1654 618 1690 aeram
636 1637 667 1689 in
684 1637 918 1707 Longeforlonge
936 1654 1001 1706 quoe
1016 1636 1097 1704 jacet
1114 1637 1190 1690 inter
1201 1642 1313 1689 terram
1331 1650 1400 1703 qum

351 1720 409 1774 suit
426 1720 549 1773 dominia
568 1720 708 1774 Johannae
726 1721 762 1774 de
780 1720 972 1789 Willingtoue
998 1737 1032 1772 ex
1059 1725 1142 1789 parte
1167 1737 1226 1772 una
1243 1724 1273 1773 et
1290 1722 1400 1771 terram

349 1802 459 1874 Bogeri
473 1803 639 1874 Gaumbeys
657 1821 693 1856 ex
710 1804 810 1864 altera,
826 1811 855 1857 eb
873 1821 961 1856 unam
979 1820 1076 1857 aeram
1088 1803 1166 1872 prati
1177 1804 1208 1856 in
1222 1799 1397 1862 Suthmeds,

350 1886 433 1940 illurn
453 1887 566 1941 scilieet
584 1905 649 1957 quas
664 1887 745 1956 jacet
767 1887 853 1957 juxta
879 1903 976 1940 acram
994 1887 1070 1956 prati
1090 1903 1178 1956 quam
1196 1884 1342 1940 Ricardus
1362 1882 1402 1936 da

350 1970 443 2026 Oulne
461 1971 606 2041 quondum
618 1970 785 2041 capellanus
798 1972 869 2024 emit
881 1970 917 2024 de
929 1970 1046 2040 Rogero
1065 1969 1236 2034 Goldfineh3
1257 1967 1401 2024 tenendas

349 2062 380 2109 et
397 2054 542 2108 habendas
560 2072 660 2109 omues
678 2054 832 2126 predictas
858 2071 940 2108 acras
966 2072 1033 2108 cum
1059 2061 1143 2124 prato
1160 2053 1197 2107 de
1215 2070 1264 2107 me
1282 2053 1314 2106 in
1331 2069 1400 2122 per·

349 2143 480 2206 petuum.

387 2219 545 2273 Reddendo
575 2218 643 2274 indo
669 2221 827 2283 annuatim,
855 2219 988 2289 praedieti
1014 2219 1103 2274 abbas
1130 2227 1160 2273 et
1185 2223 1345 2274 conventus
1371 2223 1404 2273 et

351 2320 452 2358 eorum
482 2320 675 2365 successores,
707 2302 780 2357 duos
811 2301 945 2356 denarios
975 2302 1101 2356 dominis
1131 2302 1209 2357 feodi
1239 2309 1269 2355 ab
1299 2318 1405 2356 eorum

351 2385 516 2440 haeredibus
535 2386 597 2440 sire
615 2388 772 2457 assignatis
791 2388 821 2440 in
839 2387 913 2439 festo
931 2386 1016 2439 Beati
1027 2385 1182 2440 Michaelis
1200 2403 1253 2455 pro
1265 2384 1406 2439 omnibus

352 2469 482 2522 servitiis
507 2476 537 2522 et
561 2469 750 2523 sacularibus
779 2468 941 2532 domandis,
961 2479 1048 2538 prout
1074 2470 1239 2523 continetur
1256 2469 1289 2522 in
1306 2468 1407 2522 muni·

353 2552 461 2605 mentis
480 2569 544 2620 quae
563 2569 651 2622 penes
669 2569 719 2606 eos
737 2551 773 2605 de
792 2569 839 2605 me
857 2552 973 2605 habent.

388 2634 428 2688 Et
445 2642 478 2686 nt
495 2634 556 2687 haee
575 2652 640 2687 mea
658 2633 785 2697 donatio,
808 2636 966 2697 concessio
986 2640 1016 2687 et
1028 2640 1116 2688 curtae
1133 2652 1206 2688 meae
1224 2634 1412 2689 confirmatio

353 2726 418 2770 rata
445 2725 475 2769 et
498 2716 611 2770 stabilis
636 2730 805 2786 permaneat
830 2719 860 2770 in
889 2725 1075 2787 perpetuum,
1095 2726 1271 2786 praeseutem
1295 2724 1413 2772 cartam

356 2799 449 2868 sigilli
467 2800 525 2853 mei
544 2801 734 2870 impressione
752 2802 895 2855 roborati.
935 2801 1004 2854 Hiis
1023 2801 1157 2855 testibus.

697 3090 859 3157 DCCLK
882 3092 1054 3178 Bsocbsop.

193 3268 319 3323 OlBroa-
393 3267 494 3324 Seiani
516 3279 675 3341 presentes
700 3282 729 3326 et
755 3273 857 3336 futuri,
877 3273 954 3342 qnod
980 3291 1036 3343 ego
1053 3272 1219 3327 Alexander
1243 3272 1411 3339 Hammon,

192 3335 273 3402 &¹⁰1²

355 3349 393 3404 de
422 3353 542 3407 consilio
569 3368 598 3408 et
623 3354 807 3425 providentia
835 3357 999 3409 amicorum
1025 3375 1157 3410 meorum
1182 3366 1212 3410 et
1241 3366 1414 3427 parentum,

357 3435 489 3503 quietum
516 3437 637 3491 clamari
669 3439 700 3491 in
724 3450 909 3509 perpetuum,
929 3457 983 3508 pro
1009 3457 1056 3493 me
1083 3452 1113 3493 et
1136 3439 1304 3494 haeredibus
1322 3443 1415 3506 meis,

359 3516 488 3572 Heurico
506 3519 610 3574 Foleth
628 3521 725 3574 abbati
746 3521 939 3575 Gloueestriae
960 3533 988 3576 et
1007 3523 1138 3593 ejusdem
1157 3523 1214 3577 loci
1238 3527 1414 3590 conventui,

356 3606 450 3654 toturn
464 3602 515 3670 jus
534 3603 611 3672 quod
629 3604 753 3658 clamari
766 3604 814 3657 rel
834 3604 961 3658 clamare
979 3606 1062 3675 potui
1080 3607 1111 3659 in
1129 3607 1291 3660 sereudello
1309 3616 1412 3674 terras,

356 3688 464 3737 aluno
481 3687 634 3755 mesuagio
652 3705 719 3740 eum
746 3688 931 3757 pertinentiis
958 3689 989 3740 in
1007 3689 1079 3742 xilla
1103 3688 1139 3742 de
1164 3689 1316 3761 Brocprop
1341 3710 1413 3762 quas

355 3764 504 3821 ll'alterus
523 3768 551 3821 le
577 3769 732 3839 Graunger
759 3772 863 3834 tenuit,
884 3780 913 3825 et
931 3771 1008 3825 uude
1034 3773 1176 3843 placitum
1194 3774 1252 3828 fuit
1269 3777 1302 3829 in
1320 3779 1415 3833 eomi-

356 3856 421 3903 tatu
452 3850 644 3906 Gloueestriae
675 3871 727 3922 per
753 3853 843 3907 breve
874 3856 954 3923 regis
983 3855 1020 3907 de
1047 3868 1127 3910 recto
1151 3858 1229 3911 iuter
1254 3859 1413 3918 dominum

357 3931 490 3986 abbatem
508 3948 537 3988 et
555 3952 621 3999 me;
650 3936 824 3990 itascilicet
850 3939 928 4007 quod
955 3956 1011 4010 ego
1038 3958 1091 3993 nec
1115 3941 1249 3996 haeredes
1274 3946 1336 3999 mei
1354 3964 1413 4017 pro

355 4015 436 4068 nullo
454 4017 575 4071 consilio
593 4019 641 4072 vel
665 4021 783 4088 negotio
810 4021 841 4073 iu
866 4021 944 4075 dicta
971 4036 1050 4076 terra
1074 4023 1193 4092 aliquod
1214 4027 1268 4096 jus
1286 4030 1413 4099 exigere

355 4102 526 4168 poterimus.
563 4101 622 4154 Pro
648 4120 705 4172 qua
734 4103 874 4172 praedicta
906 4105 1060 4159 clamantia
1089 4107 1223 4177 predicti
1254 4111 1346 4166 abbas
1379 4121 1413 4170 et

356 4196 515 4236 conventas
534 4184 675 4239 dedertmt
700 4187 773 4239 mihi
799 4202 912 4257 septem
939 4189 1046 4243 solidos
1072 4194 1188 4261 argenti
1206 4193 1246 4247 ad
1262 4213 1411 4267 maguum

355 4267 506 4334 negotium
524 4284 632 4321 meum,
668 4268 707 4322 Et
725 4287 781 4339 ego
803 4270 967 4324 Alexander
992 4272 1108 4327 affidari
1127 4293 1180 4345 pro
1198 4294 1246 4331 me
1264 4286 1296 4332 et
1314 4280 1412 4336 baera-

357 4345 443 4401 dibus
461 4350 544 4411 meis,
564 4351 642 4420 quod
659 4369 717 4405 non
735 4355 885 4423 exquiram
906 4368 999 4408 artem
1015 4373 1070 4410 neo
1096 4358 1261 4427 ingenium,
1279 4380 1335 4432 per
1359 4383 1412 4420 me

356 4447 410 4481 nee
428 4447 480 4498 per
497 4432 626 4502 aliquem
644 4434 744 4497 alium,
758 4436 834 4489 unde
852 4437 924 4492 dicti
942 4438 1030 4494 abbas
1049 4454 1079 4494 et
1096 4456 1258 4499 contentus
1275 4445 1315 4499 de
1332 4465 1414 4518 pras·

355 4510 435 4564 dieta
452 4526 530 4566 terra
547 4517 672 4585 amplius
690 4534 840 4572 texentur.

389 4593 428 4649 Iu
444 4596 528 4664 cujus
545 4600 590 4652 rei
608 4601 816 4668 testimouium,
834 4611 891 4659 ete.
