3218 5640
517 776 542 822 s
566 775 665 823 earm
688 774 941 825 anonumum
1184 762 1248 825 301

202 945 322 1016 capitali
341 947 489 1000 mansione
507 947 559 1000 ubi
584 947 722 1000 horreum
741 955 874 1000 nostrum
893 948 984 1001 sitnm
1002 954 1063 1010 θεὴ
1091 947 1143 1016 qui
1156 945 1252 1008 locus,

202 1046 257 1099 per
286 1032 383 1084 nsum
416 1031 558 1101 legalium
588 1032 719 1084 virorum
753 1042 947 1093 mensuratus,
978 1032 1066 1085 habet
1094 1031 1126 1083 in
1160 1031 1254 1083 fronte

201 1113 300 1167 borrei
319 1132 422 1168 versus
448 1116 614 1184 aquilonem
634 1128 747 1185 septem
765 1115 896 1184 virgatas
915 1117 1043 1169 ulnarias
1063 1134 1131 1169 cnm
1149 1115 1254 1184 pollice

202 1196 385 1267 interposito,
417 1199 512 1252 tribus
542 1199 698 1267 pollicibus
728 1200 843 1261 minus,
875 1200 905 1251 in
939 1199 997 1252 alio
1031 1208 1129 1252 autem
1160 1199 1254 1251 fronte

202 1297 307 1335 tersus
325 1293 456 1336 austrum
481 1282 569 1334 habet
586 1283 693 1350 viginti
718 1295 746 1335 et
772 1301 859 1335 unam
877 1284 993 1352 virgam
1013 1283 1166 1343 ulnariam,
1186 1298 1253 1333 cnm

201 1365 310 1435 pollice
336 1368 517 1435 interposito,
544 1372 574 1419 e't
601 1384 691 1417 unum
718 1368 922 1435 quarterium
955 1367 985 1418 in
1011 1364 1166 1418 latitudine
1184 1381 1254 1417 vero

203 1446 398 1519 quadraginta
416 1451 488 1503 duas
500 1450 601 1518 virgas
614 1449 743 1502 ulnarias
756 1467 823 1502 cum
838 1450 944 1519 pollice
964 1450 1144 1518 interposito,
1159 1448 1253 1501 tribus

203 1533 358 1602 pollicibus
389 1535 508 1596 minus;
540 1535 569 1585 in
600 1533 784 1603 longitudine
814 1535 966 1603 sexaginta
986 1534 1085 1601 virgas
1113 1532 1251 1593 ulnarias,

203 1632 271 1670 eum
288 1617 394 1686 pollice
412 1617 595 1686 interposito.

239 1698 399 1753 Beddendo
427 1701 511 1754 nobis
549 1701 699 1754 annuatim
729 1699 925 1770 quadraginta
955 1713 1014 1752 tres
1045 1698 1179 1752 denarios
1215 1697 1252 1751 ad

203 1781 277 1836 duos
302 1785 441 1837 terminos
469 1785 556 1846 atini,
583 1785 698 1836 scilicet
723 1782 761 1836 ad
787 1783 983 1837 Nativitatem
1001 1782 1119 1835 Domini
1144 1782 1252 1852 viginti

203 1865 338 1920 denarios
358 1880 387 1921 et
406 1881 464 1920 tres
484 1868 594 1930 obolos,
615 1880 645 1920 et
668 1866 706 1920 ad
723 1866 837 1920 Pascha
855 1867 963 1936 viginti
990 1865 1125 1919 denarios
1144 1877 1173 1919 et
1191 1876 1251 1918 tres

203 1950 314 2013 olaolos,
335 1970 389 2021 pro
407 1951 541 2004 omuibus
562 1951 711 2014 servitiis,
741 1951 822 2004 salvo
848 1951 931 2004 nobis
958 1950 1125 2004 rationabili
1143 1949 1253 2002 auxssio

202 2033 241 2088 ad
265 2035 430 2103 talliagium
458 2035 568 2088 domini
586 2036 667 2104 regis
692 2047 836 2104 quantum
861 2033 899 2087 ad
922 2045 1032 2087 tantam
1057 2044 1166 2086 terram
1187 2050 1251 2103 per·

202 2118 287 2179 tinet,
316 2120 341 2171 si
368 2119 482 2187 aliquid
509 2120 539 2171 in
566 2118 652 2171 domo
678 2131 778 2171 nostra
805 2120 966 2171 emerserit.
1012 2117 1158 2170 Praedicta
1181 2134 1253 2169 vero

202 2200 343 2254 Ysabella
356 2202 558 2270 juramentum
575 2202 658 2254 nobis
678 2203 826 2271 praestitit,
841 2201 919 2272 quod
938 2201 1032 2254 fidelis
1046 2202 1103 2254 erit
1121 2200 1252 2254 ecclesiae

201 2298 309 2338 nostrae
327 2285 364 2338 de
383 2285 521 2338 solvendo
547 2285 665 2338 redditu
691 2300 791 2338 nostro
808 2286 937 2355 plenarie
964 2286 1080 2338 statutis
1106 2286 1251 2346 terminis,

201 2381 233 2421 et
251 2368 329 2437 quod
347 2387 400 2422 nec
418 2384 512 2422 artem
530 2388 583 2423 nec
602 2370 754 2438 ingenium
772 2371 916 2438 exquiret,
936 2369 1013 2422 unde
1032 2369 1134 2422 domus
1153 2382 1253 2422 nostra

201 2468 255 2521 per
290 2460 424 2505 tenuram
455 2471 537 2505 suam
568 2452 707 2505 damnum
744 2454 882 2516 incurrat,
914 2463 943 2506 et
973 2452 1052 2522 quod
1081 2452 1252 2522 praedictam

202 2546 312 2589 terram
331 2553 424 2606 neque
444 2536 560 2597 vendet,
579 2554 676 2605 neque
701 2537 871 2597 excambiet,
890 2554 985 2606 neque
1004 2538 1035 2589 in
1052 2536 1252 2589 vadimonium

203 2634 300 2689 ponet,
331 2638 426 2689 neque
456 2620 494 2673 ad
530 2622 621 2673 alium
657 2619 754 2673 locum
790 2620 943 2689 religionis
979 2621 1150 2683 transferet,
1188 2619 1252 2673 sine

202 2722 325 2757 assensu
349 2719 458 2757 nostro.
505 2704 635 2757 Eandem
663 2705 851 2758 securitatem
878 2705 986 2758 sacient
1012 2704 1096 2758 nobis
1120 2704 1252 2758 heredes

203 2790 260 2852 sui,
280 2807 347 2842 cum
366 2789 476 2858 singuli
495 2789 550 2841 sibi
570 2789 736 2842 succedent.

238 2872 275 2926 In
292 2873 376 2942 cujus
397 2875 439 2925 rei
459 2874 659 2926 testimoninm
684 2891 813 2943 presens
831 2873 983 2943 scriptum,
1003 2873 1104 2942 sigillo
1121 2872 1252 2926 ecclesiae

201 2972 308 3012 nostrae
326 2958 482 3020 munitum,
502 2957 570 3010 etc.¹

385 3193 611 3260 DCCCCVII.
634 3193 684 3257 De
708 3194 900 3257 certationis
922 3192 1062 3258 decimet

238 3356 408 3418 Henricus,²
426 3374 477 3409 rex
500 3356 627 3425 Angliae,
654 3355 787 3408 omnibus
807 3355 978 3417 forestariis,
1003 3357 1200 3420 venatoribus,
1220 3364 1249 3409 et
1262 3363 1332 3412 An.
1345 3370 1411 3417 tlon

201 3440 354 3502 archariis,
385 3442 436 3509 qui
467 3452 536 3493 sunt
566 3458 601 3492 ex
638 3441 694 3493 ista
724 3454 806 3508 parte
843 3439 991 3492 Saverniae
1023 3450 1052 3494 et
1083 3441 1119 3494 de
1155 3440 1247 3504 Deua,
1263 3435 1352 3480 ‘¹¹3⁵-

200 3523 336 3578 salntem.
1262 3507 1412 3584 ormnem

238 3606 345 3662 Sciatis
364 3625 410 3660 me
429 3608 608 3660 concessisse
627 3606 698 3667 Deo,
718 3618 746 3658 et
767 3605 873 3659 Sancto
890 3605 980 3659 Petro
997 3605 1033 3658 de
1053 3606 1247 3669 Gloncestria,
1260 3589 1374 3625 '‘⁰¹⁸⁰'‘

200 3708 317 3746 omnem
347 3691 490 3745 decimam
515 3692 603 3744 totius
630 3690 790 3742 venationis
821 3707 893 3742 meae
924 3708 990 3758 quae
1020 3700 1105 3761 capta
1132 3693 1189 3747 erit
1219 3656 1371 3746 infimi*

200 3774 319 3828 forestis
337 3774 468 3843 ejusdem
487 3775 654 3843 prouinciae.

236 3859 324 3912 Teste
343 3858 470 3910 Roberto
489 3858 549 3910 filio
568 3856 722 3919 Hamonis,
736 3872 788 3926 per
801 3855 996 3925 Reginaldum
1009 3855 1045 3909 de
1058 3856 1248 3929 Bercbelayu

200 3941 280 4011 apud
296 3941 460 3994 Niweham.

237 4119 244 4148 ¹
262 4118 337 4167 ΑΜ
348 4118 398 4167 this
417 4119 568 4165 instrument
586 4117 629 4164 the
645 4117 702 4165 MS,
788 4115 830 4164 De
848 4133 968 4162 torenna.
1003 4114 1182 4165 Henn'cwer
1196 4121 1250 4166 Aa·

200 4198 274 4264 gives
297 4197 339 4245 tlte
362 4207 575 4245 commencement
597 4197 627 4244 οἰ
652 4205 702 4243 tvo
753 4193 816 4258 plait,
834 4194 1080 4243 n'altnon'cmin
1094 4194 1251 4246 Gloacatrioe

202 4276 324 4335 charters,
351 4275 448 4339 against
475 4275 536 4323 both
564 4274 596 4322 of
619 4274 702 4322 which
753 4284 777 4322 et
799 4274 906 4321 omnibu
934 4272 1073 4333 baronibus,
1099 4275 1206 4323 francis
1227 4286 1251 4326 et

201 4353 628 4415 massaneninthemargiu
646 4353 702 4400 The
753 4352 848 4417 Aeolis,
882 4353 911 4401 de
946 4352 1107 4415 Gloeccstrio,
1143 4355 1250 4406 aalma

200 4435 342 4498 fragments
354 4449 401 4481 run
414 4432 471 4481 thus
482 4454 524 4480 :-
755 4433 855 4482 Saulis.

239 4511 370 4576 Welsordc.
414 4511 506 4559 Sciunt
523 4520 655 4575 presentet
677 4521 701 4560 et
784 4516 794 4543 ²
810 4516 837 4562 A
849 4512 982 4575 repetition
994 4512 1054 4561 vich
1070 4515 1208 4565 variatione
1225 4520 1256 4567 os

193 4590 529 4657 swiqnalepol'oqum
538 4589 700 4642 deCadurcie.
752 4593 799 4641 No.
811 4592 945 4643 DCCXX.
957 4595 1035 4654 (uste,
1046 4609 1070 4656 p.
1084 4599 1149 4658 155).

196 4688 248 4737 pm
262 4670 342 4720 solue
358 4673 444 4719 onina
461 4687 516 4719 nea
533 4679 557 4718 et
573 4669 635 4718 Adoe
646 4668 702 4732 filii

201 4754 248 4801 ια’
256 4759 282 4802 et
294 4749 424 4800 Godaicf
435 4752 518 4798 noris
529 4766 593 4799 m.
