3218 5640
513 815 539 862 ll
562 813 662 861 mm
685 811 934 861 claremaus
1207 799 1244 858 8l

201 981 350 1039 dimidiam
367 1001 508 1039 marcam.
545 982 642 1051 Quare
653 983 720 1037 volo
732 982 810 1053 quod
828 982 961 1053 predicti
980 981 1113 1036 monachi
1131 992 1249 1036 teneant

203 1067 371 1136 pradictum
400 1073 516 1139 pramm
541 1068 582 1121 ita
606 1067 699 1121 libere
723 1075 754 1121 et
777 1067 887 1136 quiete,
912 1067 990 1121 sicut
1013 1072 1093 1121 carta
1114 1065 1249 1136 predicti

203 1150 340 1206 Willelmi
369 1159 501 1217 testamr,
530 1169 618 1222 quam
648 1150 781 1205 monachi
811 1150 880 1204 inde
904 1150 1020 1204 habent
1057 1151 1097 1205 Et
1123 1150 1250 1204 concedo

203 1236 277 1306 qnod
300 1236 468 1291 willelmus
493 1236 541 1290 vel
567 1235 698 1289 haeredes
724 1235 770 1289 sni
796 1234 904 1289 iaciant
927 1234 1076 1304 lraedictis
1101 1235 1250 1290 monachis

204 1320 393 1375 rationabile¹
418 1320 598 1376 escambium
618 1319 656 1373 ad
680 1319 835 1373 valentiam
860 1319 993 1389 praedicti
1020 1320 1097 1390 prati
1124 1320 1195 1374 alibi
1221 1320 1251 1372 in

203 1402 286 1457 feodo
304 1422 370 1458 meo
388 1412 419 1459 et
435 1404 586 1458 haeredum
604 1420 746 1466 meorum,
773 1403 819 1456 vel
846 1403 876 1456 in
904 1403 1006 1473 pratis,
1026 1402 1073 1456 vel
1100 1403 1131 1456 in
1155 1401 1250 1456 reddi·

202 1487 290 1551 tibus,
310 1488 337 1543 si
356 1489 431 1542 lorte
449 1488 549 1559 aliquo
566 1506 637 1542 caan
654 1487 812 1558 contigerit
836 1486 914 1556 quod
938 1485 1110 1558 pradictum
1134 1495 1249 1558 pratum

202 1571 245 1626 cis
263 1571 474 1627 vmtizme²
490 1590 549 1627 non
566 1572 723 1645 potuerint.

236 1654 320 1724 Quod
348 1657 419 1728 quia
447 1666 545 1711 iatum
574 1662 604 1710 et
633 1656 838 1710 inconcussum
870 1672 986 1709 manere
1016 1655 1092 1719 volo,
1112 1655 1249 1725 praesenti

200 1742 310 1812 scripto
327 1751 359 1797 et
375 1742 469 1813 sigilli
487 1743 545 1796 mei
564 1742 755 1812 impressione
773 1741 921 1795 confirmo.

237 1824 321 1896 [Hiis
338 1827 464 1881 testibus
483 1826 612 1895 Bogerio
636 1826 733 1895 priore
757 1824 916 1889 Lantoniae,
936 1823 1086 1878 Willelmo
1104 1823 1250 1878 Wihtrihc

199 1910 349 1972 camnine,
368 1911 511 1980 magistro
529 1909 617 1963 Petro
641 1908 677 1963 de
702 1908 798 1962 Lechc
817 1908 1096 1970 iicearchidiacono,
1117 1907 1250 1961 Johannc

199 1994 237 2048 de
256 1994 387 2049 &muna
404 2006 474 2049 tunc
492 1993 611 2057 decano,
631 1992 791 2047 Godefrido
809 1992 871 2046 filio
889 1991 1020 2056 Geroldi,
1040 1991 1248 2056 sacerdotibus,

200 2078 351 2133 Willelmo
381 2079 442 2133 filio
466 2077 607 2148 Stephani
633 2086 702 2131 tunc
727 2077 900 2131 vicecomite
926 2076 1128 2140 Gloucestrize‚
1154 2076 1249 2132 Adam

200 2162 263 2217 lilio
279 2162 423 2217 Willelmi
441 2159 656 2216 constabulario
674 2173 704 2213 et
723 2160 789 2213 aliis
808 2158 956 2225 multis.{³

572 2378 674 2442 DLX.
700 2379 749 2441 De
772 2377 893 2442 cocleari.

237 2515 354 2571 Sciiuit⁴
372 2525 532 2589 presentes
551 2525 580 2572 et
598 2519 700 2583 futuri,
720 2518 798 2588 quod
816 2536 872 2589 ego
890 2518 1056 2573 Willelmus
1074 2518 1111 2572 de
1129 2517 1251 2573 lallare
1264 2524 1352 2575 Orthe

200 2599 271 2655 dedi
289 2598 346 2672 [et]
366 2604 498 2657 concessi
517 2603 589 2665 Deo,
609 2610 639 2656 et
662 2602 794 2656 ecclesia}
820 2601 919 2656 Sancti
943 2603 1024 2656 Petri
1049 2601 1338 2667 Gloneestriae,⁸²¹¹¹²·

199 2690 233 2737 et
247 2685 399 2740 mmiachis
417 2686 527 2740 ibidem
546 2685 607 2740 Deo
626 2686 831 2749 servientibus,
851 2704 904 2756 pro
929 2687 1022 2739 salute
1040 2687 1145 2740 animae
1168 2705 1251 2748 meae,

200 2774 233 2820 ct
258 2770 352 2839 patris
382 2780 412 2824 et
442 2771 543 2824 matris
571 2789 653 2833 meze,
681 2779 711 2825 et
736 2778 952 2824 antecessorum
979 2788 1120 2836 meorum,
1145 2780 1176 2825 ct
1200 2789 1253 2840 pro

200 2852 299 2907 anima
316 2853 461 2907 willelmi
479 2854 533 2907 lilii
551 2854 681 2919 Bicardi,
701 2855 731 2908 in
755 2873 860 2925 puram
884 2866 914 2909 et
931 2864 1101 2926 perpetuam
1120 2855 1252 2909 elemosi-

200 2954 281 2999 nam,
313 2944 440 3007 quatuor
463 2955 546 2992 acras
576 2938 662 3008 prati,
692 2946 795 3009 quarta
821 2946 904 3009 parte
929 2939 1018 2993 unius
1043 2957 1118 2994 acrae
1143 2940 1251 3001 minus,

199 3037 294 3092 propa
322 3031 440 3092 piatum
457 3022 495 3076 de
513 3021 646 3076 Tuffcle⁵
670 3022 749 3092 apud
776 3021 959 3087 Suthmede,⁶
985 3041 1050 3093 quae
1077 3023 1175 3077 valent
1199 3040 1252 3093 per

200 3121 312 3158 ammm
337 3104 491 3159 dimidiam
517 3123 654 3160 marcam.
691 3106 729 3159 Et
750 3106 817 3160 volo
840 3120 874 3160 ut
896 3114 1016 3161 teneant
1039 3116 1154 3177 pratum
1178 3106 1254 3160 illud

201 3188 338 3258 quietum
365 3188 403 3243 ab
428 3189 507 3243 omni
532 3190 653 3244 servitio
677 3200 708 3244 et
734 3190 771 3242 ab
792 3191 869 3244 omni
895 3190 1051 3244 exactione.
1088 3190 1127 3243 Et
1150 3207 1206 3261 ego
1224 3198 1253 3244 et

200 3272 336 3328 heredes
354 3273 412 3327 mei
431 3282 496 3344 post
513 3292 560 3328 me
578 3284 694 3345 pratum
713 3274 788 3329 illud
800 3275 1013 3345 aquietabimus
1032 3275 1063 3328 in
1081 3281 1253 3344 perpetuum

202 3358 242 3412 ab
258 3359 338 3412 omni
357 3358 479 3413 servitio
490 3377 594 3413 versus
613 3359 763 3412 dominum
781 3377 891 3429 regem,
906 3366 1050 3413 etversus
1067 3377 1168 3413 omnes
1180 3359 1253 3412 alios
1265 3359 1283 3408 s.
1297 3364 1352 3409 141.

202 3441 346 3497 homines.
392 3441 425 3496 Si
443 3460 514 3497 vero
532 3444 606 3496 forte
633 3442 790 3513 contigerit
808 3443 886 3512 qnod
904 3461 960 3513 ego
978 3444 1025 3497 vel
1045 3441 1176 3498 haeredes
1195 3442 1253 3495 mei

202 3543 262 3580 um
278 3526 427 3597 possimus
445 3526 488 3580 eis
506 3525 716 3581 warantiaarc⁷
734 3526 906 3597 pradictum
919 3534 1045 3597 pratum,
1058 3544 1111 3581 nos
1130 3527 1160 3579 in
1171 3533 1255 3596 prato

202 3609 253 3664 vel
280 3609 445 3665 redditibus
476 3609 588 3664 eisdem
618 3610 767 3664 monachis
797 3610 969 3665 rationabile
1004 3610 1183 3665 escambium
1219 3607 1255 3663 ad

200 3692 364 3748 valentiam
381 3692 512 3748 dimidias
530 3711 637 3748 marcae
656 3694 806 3748 faciemus.

239 3776 281 3832 Et
306 3784 342 3832 nt
367 3776 430 3831 haec
457 3776 573 3831 donatio
599 3788 628 3831 et
653 3778 801 3832 concessio
826 3784 926 3832 nostra
951 3784 1013 3831 rata
1031 3785 1061 3832 et
1085 3778 1256 3832 inconcussa

202 3867 383 3933 permaneat,
404 3860 497 3931 sigilli
515 3861 607 3916 nostri
626 3861 818 3932 impressione
836 3879 965 3932 praesens
978 3863 1119 3932 scriptum
1138 3862 1254 3914 robora·

202 3962 282 3999 mus.
318 3944 389 3999 Hiis
405 3943 531 3999 testibus
554 3945 709 4016 [magistro
734 3945 822 3999 Petro
845 3945 882 3999 dc
905 3945 1029 4010 Bacche,
1049 3946 1182 4000 Johanne
1205 3945 1255 3999 de·

203 4046 288 4094 cano,
307 4027 469 4084 Godefrido
487 4028 548 4082 filio
567 4028 697 4093 Geroldi,
718 4029 929 4093 sacerdotibus,
949 4037 979 4083 et
997 4027 1108 4099 aliis.]⁸

242 4226 427 4293 'tdimlnld
446 4228 579 4286 rationale,
590 4228 653 4293 Beg.
666 4229 696 4278 Β,
756 4229 891 4279 Cathedral
908 4230 1026 4294 Register
1045 4230 1077 4291 B,
1088 4230 1153 4280 stom
1172 4231 1257 4280 which

239 4306 440 4372 'woefizenj
454 4308 638 4371 gumnme,
645 4308 709 4374 Bag,
731 4302 734 4307 ’
756 4309 798 4358 the
809 4309 930 4358 collation
943 4310 966 4359 is
980 4310 1091 4361 derived.

206 4385 240 4437 B.
789 4392 798 4416 ²
820 4386 929 4453 Tuffele]
948 4389 1065 4449 Melle,
1077 4390 1141 4454 Reg.
1151 4390 1181 4440 B.

240 4467 253 4497 ¹
268 4463 331 4515 Hiis
347 4462 449 4514 utiba
464 4503 597 4519 ......
614 4464 708 4532 nulla]
789 4469 800 4496 ⁸
819 4466 961 4532 Selliuede]
981 4467 1114 4526 Sudmede‚
1126 4467 1189 4531 Reg„
1201 4467 1233 4516 B.

205 4545 379 4596 Adaeum
390 4544 454 4610 Reg.
465 4545 496 4594 B.
732 4552 734 4580 ¹
788 4547 994 4613 'mrcatizard
1063 4547 1259 4612 guamnticarc,

241 4625 381 4691 'Apim
403 4625 456 4674 this
478 4625 578 4676 eumer
597 4625 697 4676 σῦκ’
689 4640 712 4674 ιι
732 4626 822 4690 ¹Reg.
833 4627 866 4675 B.

206 4704 310 4756 tritten
336 4705 364 4755 in
386 4705 431 4756 tae
451 4705 560 4769 margin.
594 4705 712 4754 Another
732 4714 737 4817 ι
790 4706 980 4770 ἰιιιιςιὺιυοΗ
1022 4714 1071 4756 el
1091 4706 1164 4771 alia]
1195 4706 1260 4770 Sup-

207 4800 276 4850 enpy
295 4784 321 4834 is
347 4784 482 4836 manen
509 4784 536 4833 in
565 4783 737 4839 Glonccster
757 4783 1017 4848 pliedlromBeeB.

299 4881 377 4931 vol.
402 4882 439 4930 11.
1103 4884 1124 4929 Ρ
