3218 5640
365 777 428 847 170
644 794 891 847 osnrumruun
914 796 1121 846 uoumrssu

710 1089 839 1157 DCOX.
863 1089 911 1155 De
933 1089 1052 1156 eodem.
1097 1101 1100 1111 '

194 1286 342 1338 A.D.1123
397 1273 573 1340 Alexander.
593 1275 650 1331 Dei
679 1277 776 1348 mutia
805 1275 1020 1332 Lineolniensis
1047 1273 1212 1345 episcopus,
1240 1267 1290 1326 R.¹
1317 1270 1414 1326 archi-

194 1360 286 1406 -1147,

195 1434 234 1484 Of
242 1436 283 1485 the

193 1517 268 1552 same.

363 1360 483 1417 diacono
501 1361 537 1416 do
555 1360 750 1433 Bokingham,
771 1363 906 1426 salutem,
920 1361 1057 1433 gratiam,
1077 1365 1108 1414 et
1125 1356 1369 1413 benedictionem.

397 1445 499 1501 Missis
523 1445 561 1501 ad
586 1463 639 1501 nos
665 1447 774 1503 litteris
800 1448 873 1513 suis,
892 1447 982 1502 abbas
1007 1451 1038 1500 et
1064 1443 1199 1499 monaehi
1217 1439 1414 1498 Gloucestriae

362 1537 615 1600 praesentaverunt
644 1532 728 1588 nobis
754 1531 940 1588 Willelmum
967 1530 1060 1585 filium
1086 1526 1243 1584 Theodrici
1270 1525 1416 1582 clericum

361 1633 457 1681 suurn,
477 1616 658 1686 postuisntes
675 1621 710 1671 nt
727 1617 825 1688 ipsum
847 1615 879 1670 in
902 1615 1037 1671 eeclesiis
1060 1613 1122 1669 suis
1140 1613 1177 1667 de
1194 1609 1417 1668 Wireoesburia

360 1705 390 1754 et
407 1699 567 1770 Langeleia
584 1718 737 1772 personam
755 1701 985 1756 institueremus.
1023 1698 1086 1754 Nos
1104 1703 1204 1754 autem
1221 1694 1416 1768 petitionibus

360 1801 463 1839 eorum
488 1785 717 1854 acquiescentes,
745 1785 919 1857 pradictum
944 1783 1128 1841 Willelmum
1155 1781 1352 1853 suscepimus,
1385 1783 1416 1834 et

360 1885 428 1923 eum
458 1869 490 1922 in
519 1871 737 1941 praenominatis
767 1870 901 1925 ecelesiis
930 1886 1086 1940 personam
1114 1866 1308 1931 instituimus,
1327 1861 1416 1920 vobis

360 1953 530 2009 mandentes
549 1956 688 2025 quatinus
714 1960 744 2009 et
768 1972 820 2009 vos
838 1955 937 2024 ipsum
965 1951 1134 2024 suscipiatis
1160 1957 1192 2007 et
1214 1965 1374 2022 personam
1398 1963 1417 2002 a

359 2037 444 2092 nobis
462 2039 493 2092 in
511 2039 660 2110 predictis
673 2039 807 2094 eeclesiis
819 2039 989 2094 institutum
1000 2038 1129 2108 capitulo
1146 2053 1200 2092 suo
1216 2031 1414 2097 denuncietis,

360 2122 404 2176 sic
423 2129 521 2178 tamen
539 2130 572 2178 ut
584 2124 662 2178 idem
673 2123 842 2179 Willelmus
854 2123 984 2194 praefatis
996 2121 1146 2178 monachis
1163 2120 1200 2176 de
1213 2136 1310 2175 annuo
1322 2134 1416 2173 censu

361 2225 450 2276 quem
468 2207 504 2262 do
523 2208 635 2263 eisdem
653 2209 785 2263 ccelesiis
809 2207 941 2263 eeclesiae
966 2206 1158 2262 Gloucestriae
1183 2204 1308 2260 reddere
1325 2201 1418 2258 debet

361 2290 552 2347 sufficientem
570 2293 601 2348 in
619 2293 772 2364 praescntia
790 2299 889 2349 vestra
907 2292 1095 2349 securitatem
1114 2295 1244 2362 prestet,
1264 2295 1323 2345 ete.

701 2590 852 2656 DCCXI.
877 2590 925 2656 De
947 2588 1066 2656 eocaaa

193 2791 262 2845 ΑΙ),
276 2801 340 2848 1148
396 2774 565 2840 Robertus?
576 2775 633 2830 Dei
650 2777 747 2847 gratia
757 2775 970 2832 Lincolniensis
982 2774 1149 2848 episeopus,
1163 2773 1300 2829 omnibus
1318 2771 1418 2827 arehi-

191 2868 283 2912 -1168,

361 2858 490 2915 diaconis
509 2867 539 2914 ot
562 2859 689 2925 decanis,
715 2861 920 2931 universisque
948 2859 1084 2915 fidelibus
1110 2856 1324 2915 Lineolniensis
1353 2856 1418 2928 epi·

194 2941 282 2992 Orthe
361 2950 506 3014 scopatae,
527 2943 652 3000 salutem
670 2950 700 2999 et
716 2944 956 3000 benedictionem.

191 3023 268 3059 681116.

396 3027 589 3083 Universitati
607 3035 714 3084 vestra>
732 3035 834 3084 notum
852 3029 916 3084 fieri
935 3028 1082 3095 volumus,
1111 3027 1187 3084 hane
1213 3026 1418 3098 subscriptam

361 3113 582 3167 conventionem
600 3114 706 3169 factam
729 3114 821 3169 fuisse
848 3113 879 3168 in
904 3115 1061 3185 praesentia
1085 3119 1186 3169 nostra
1210 3110 1289 3183 apud
1313 3110 1418 3167 Dune-

360 3196 506 3266 stapulam
523 3197 601 3253 inter
619 3198 759 3253 dilectum
783 3200 905 3253 fratrem
928 3205 1061 3253 nostrum
1080 3204 1110 3254 et
1132 3198 1260 3254 amicum
1278 3201 1419 3252 nostrum

360 3279 561 3346 Hamelinnm,
582 3281 717 3337 abbatem
735 3281 934 3348 Gioecestriur,
954 3290 985 3337 et
996 3281 1173 3354 magistrum
1192 3281 1360 3336 Robertum
1379 3278 1418 3333 do

359 3364 545 3431 aneham;
569 3366 708 3422 videlicet
738 3366 815 3437 quod
839 3368 997 3439 predictus
1023 3368 1112 3422 abbas
1138 3365 1285 3422 concessit
1313 3365 1416 3420 eidem

360 3447 497 3515 Roberto,
518 3451 556 3504 ad
573 3450 727 3505 tenendam
754 3450 791 3505 de
818 3451 942 3506 ecclesia
967 3450 1170 3516 Gloucestriae‚
1196 3447 1355 3506 ecclesiam
1380 3447 1420 3502 de

359 3531 584 3598 Wireoesburia,
614 3540 644 3589 et
669 3535 822 3590 eeclesiam
846 3534 883 3589 de
910 3534 1069 3604 Langeleia
1095 3533 1157 3590 sive
1182 3532 1418 3597 Larerkestoke,

358 3634 412 3686 pro
431 3626 543 3688 septem
566 3620 673 3674 marcis
700 3619 816 3690 argenti
842 3624 871 3673 et
897 3618 1020 3672 dimidie
1045 3636 1099 3689 per
1125 3634 1244 3683 annum,
1271 3616 1421 3688 quamdin

358 3699 505 3757 Robertus
530 3702 645 3767 virent,
667 3703 716 3757 vel
745 3702 879 3757 habitum
909 3720 996 3756 suum
1025 3720 1083 3757 non
1111 3700 1282 3765 mutaverit,
1308 3700 1354 3755 ita
1384 3705 1422 3755 ut

358 3784 573 3857 quinquaginta
597 3786 705 3842 solidos
731 3786 834 3841 reddat
861 3786 892 3839 in
915 3785 1149 3842 Annunciatione
1176 3786 1278 3841 Beata)
1296 3785 1418 3849 Marias,

357 3874 387 3922 et
412 3870 628 3941 quinquaginta
654 3871 685 3924 in
715 3871 790 3925 festo
818 3870 919 3925 Sancti
949 3871 1114 3926 Michaelis.
1163 3871 1312 3926 Praefatae
1344 3888 1422 3926 vero

356 3951 503 4009 Robertus
527 3955 582 4010 toti
602 3954 665 4026 juri
689 3955 768 4025 quod
795 3973 829 4009 ex
857 3954 1033 4026 praecedenti
1063 3952 1190 4026 quadam
1218 3955 1419 4011 conventione

356 4038 436 4093 facta
458 4040 535 4094 inter
561 4040 660 4111 ipsum
685 4047 715 4094 et
740 4039 896 4094 monachos
925 4038 1117 4095 Gloucestriae
1146 4059 1177 4095 se
1203 4039 1235 4095 in
1260 4039 1421 4112 praedietis

355 4123 487 4178 ecclesiis
506 4123 619 4179 dixerat
636 4124 774 4178 habuisse
792 4131 823 4178 et
840 4123 936 4179 tenori
954 4130 1043 4179 carta
1055 4123 1190 4196 ejusdem
1208 4123 1422 4183 conventionis

355 4206 465 4262 ibidem
483 4216 584 4265 nostro
602 4208 743 4266 assistens
762 4209 931 4280 conspectui
949 4208 1144 4278 renunciavit,
1165 4217 1222 4267 etc.

381 4392 560 4400 ·-—-—-—---.
577 4396 610 4401 ,-.
633 4396 952 4406 .,...--------.--
967 4400 1166 4408 -—-—-—

389 4513 397 4641 ἰ
413 4513 502 4603 bichor
513 4516 598 4582 Roger
609 4515 639 4568 de
651 4517 753 4572 Clinton
764 4531 793 4571 or
804 4519 917 4573 Richard
927 4523 959 4574 de
970 4522 1079 4577 Urvillu.
1098 4522 1179 4589 (Vide
1193 4525 1319 4577 aeneve’s
1332 4526 1424 4591 Fasti,

356 4608 372 4640 a·
399 4631 404 4641 .
436 4632 442 4642 .
473 4633 478 4643 .
510 4599 530 4644 ”.

373 4607 398 4702 0²
414 4597 550 4726 iiobed‘die
562 4676 685 4742 Chesney.
