<?xml version="1.0" encoding="UTF-8"?>
<!DOCTYPE html PUBLIC "-//W3C//DTD XHTML 1.0 Transitional//EN"
    "http://www.w3.org/TR/xhtml1/DTD/xhtml1-transitional.dtd">
<html xmlns="http://www.w3.org/1999/xhtml" xml:lang="en" lang="en">
 <head>
  <title>
</title>
<meta http-equiv="Content-Type" content="text/html;charset=utf-8" />
  <meta name='ocr-system' content='tesseract 3.04.00' />
  <meta name='ocr-capabilities' content='ocr_page ocr_carea ocr_par ocr_line ocrx_word'/>
</head>
<body>
  <div class='ocr_page' id='page_1' title='image "./historiaetcartu02monagoog_0088.png"; bbox 0 0 3218 5640; ppageno 0'>
   <div class='ocr_carea' id='block_1_1' title="bbox 520 813 1253 877">
    <p class='ocr_par' dir='ltr' id='par_1_1' title="bbox 520 813 1253 877">
     <span class='ocr_line' id='line_1_1' title="bbox 520 813 1253 877; baseline 0.004 -3"><span class='ocrx_word' id='word_1_1' title='bbox 520 825 546 874; x_wconf 80' lang='lat' dir='ltr'><strong>s</strong></span> <span class='ocrx_word' id='word_1_2' title='bbox 570 825 670 874; x_wconf 75' lang='lat' dir='ltr'><strong>serm</strong></span> <span class='ocrx_word' id='word_1_3' title='bbox 692 825 942 874; x_wconf 66' lang='lat' dir='ltr'><strong>omcemrmaz</strong></span> <span class='ocrx_word' id='word_1_4' title='bbox 1211 813 1253 877; x_wconf 76' lang='lat'><strong>57</strong></span> 
     </span>
    </p>
   </div>
   <div class='ocr_carea' id='block_1_2' title="bbox 207 997 1257 2589">
    <p class='ocr_par' dir='ltr' id='par_1_2' title="bbox 207 997 1257 2589">
     <span class='ocr_line' id='line_1_2' title="bbox 208 997 1254 1071; baseline -0.003 -17"><span class='ocrx_word' id='word_1_5' title='bbox 208 999 297 1054; x_wconf 76' lang='lat' dir='ltr'><strong>abbas</strong></span> <span class='ocrx_word' id='word_1_6' title='bbox 322 997 515 1055; x_wconf 63' lang='lat' dir='ltr'><strong>Glouoesniae</strong></span> <span class='ocrx_word' id='word_1_7' title='bbox 542 999 572 1054; x_wconf 89' lang='lat' dir='ltr'><strong>in</strong></span> <span class='ocrx_word' id='word_1_8' title='bbox 598 1018 687 1055; x_wconf 82' lang='lat' dir='ltr'><strong>causa</strong></span> <span class='ocrx_word' id='word_1_9' title='bbox 711 1018 800 1071; x_wconf 88' lang='lat' dir='ltr'><strong>super</strong></span> <span class='ocrx_word' id='word_1_10' title='bbox 825 1001 950 1056; x_wconf 82' lang='lat' dir='ltr'><strong>ecclesia</strong></span> <span class='ocrx_word' id='word_1_11' title='bbox 974 998 1011 1052; x_wconf 90' lang='lat' dir='ltr'><strong>de</strong></span> <span class='ocrx_word' id='word_1_12' title='bbox 1039 998 1123 1053; x_wconf 78' lang='lat' dir='ltr'><strong>Novo</strong></span> <span class='ocrx_word' id='word_1_13' title='bbox 1151 998 1254 1068; x_wconf 79' lang='lat' dir='ltr'><strong>Burgo</strong></span> 
     </span>
     <span class='ocr_line' id='line_1_3' title="bbox 208 1083 1256 1154; baseline -0.002 -17"><span class='ocrx_word' id='word_1_14' title='bbox 208 1090 299 1137; x_wconf 68' lang='lat' dir='ltr'><strong>testes</strong></span> <span class='ocrx_word' id='word_1_15' title='bbox 319 1083 458 1154; x_wconf 84' lang='lat' dir='ltr'><strong>produxit</strong></span> <span class='ocrx_word' id='word_1_16' title='bbox 481 1083 512 1137; x_wconf 89' lang='lat' dir='ltr'><strong>in</strong></span> <span class='ocrx_word' id='word_1_17' title='bbox 535 1085 692 1154; x_wconf 75' lang='lat' dir='ltr'><strong>praesentia</strong></span> <span class='ocrx_word' id='word_1_18' title='bbox 709 1096 817 1147; x_wconf 84' lang='lat' dir='ltr'><strong>nostra,</strong></span> <span class='ocrx_word' id='word_1_19' title='bbox 837 1085 905 1139; x_wconf 91' lang='lat' dir='ltr'><strong>boni</strong></span> <span class='ocrx_word' id='word_1_20' title='bbox 929 1083 1090 1138; x_wconf 79' lang='lat' dir='ltr'><strong>testimonii</strong></span> <span class='ocrx_word' id='word_1_21' title='bbox 1116 1083 1205 1145; x_wconf 79' lang='lat' dir='ltr'><strong>viros,</strong></span> <span class='ocrx_word' id='word_1_22' title='bbox 1225 1090 1256 1136; x_wconf 85' lang='lat' dir='ltr'><strong>et</strong></span> 
     </span>
     <span class='ocr_line' id='line_1_4' title="bbox 207 1166 1256 1239; baseline -0.003 -17"><span class='ocrx_word' id='word_1_23' title='bbox 207 1168 499 1239; x_wconf 76' lang='lat' dir='ltr'><strong>comprovincialium</strong></span> <span class='ocrx_word' id='word_1_24' title='bbox 517 1186 637 1223; x_wconf 86' lang='lat' dir='ltr'><strong>suorum</strong></span> <span class='ocrx_word' id='word_1_25' title='bbox 645 1168 760 1239; x_wconf 91' lang='lat' dir='ltr'><strong>judicio</strong></span> <span class='ocrx_word' id='word_1_26' title='bbox 777 1169 851 1224; x_wconf 83' lang='lat' dir='ltr'><strong>tales</strong></span> <span class='ocrx_word' id='word_1_27' title='bbox 864 1186 929 1222; x_wconf 88' lang='lat' dir='ltr'><strong>esse</strong></span> <span class='ocrx_word' id='word_1_28' title='bbox 942 1168 993 1237; x_wconf 85' lang='lat' dir='ltr'><strong>qui</strong></span> <span class='ocrx_word' id='word_1_29' title='bbox 1007 1168 1112 1222; x_wconf 78' lang='lat' dir='ltr'><strong>merito</strong></span> <span class='ocrx_word' id='word_1_30' title='bbox 1130 1166 1256 1221; x_wconf 81' lang='lat' dir='ltr'><strong>debeant</strong></span> 
     </span>
     <span class='ocr_line' id='line_1_5' title="bbox 208 1251 1254 1324; baseline -0.002 -18"><span class='ocrx_word' id='word_1_31' title='bbox 208 1252 239 1306; x_wconf 88' lang='lat' dir='ltr'><strong>in</strong></span> <span class='ocrx_word' id='word_1_32' title='bbox 257 1253 457 1308; x_wconf 84' lang='lat' dir='ltr'><strong>testimonium</strong></span> <span class='ocrx_word' id='word_1_33' title='bbox 485 1253 618 1308; x_wconf 73' lang='lat' dir='ltr'><strong>veritatis</strong></span> <span class='ocrx_word' id='word_1_34' title='bbox 644 1253 770 1315; x_wconf 77' lang='lat' dir='ltr'><strong>admitti,</strong></span> <span class='ocrx_word' id='word_1_35' title='bbox 791 1252 937 1324; x_wconf 81' lang='lat' dir='ltr'><strong>siquidem</strong></span> <span class='ocrx_word' id='word_1_36' title='bbox 955 1257 1082 1322; x_wconf 83' lang='lat' dir='ltr'><strong>quatuor</strong></span> <span class='ocrx_word' id='word_1_37' title='bbox 1108 1270 1144 1305; x_wconf 86' lang='lat' dir='ltr'><strong>ex</strong></span> <span class='ocrx_word' id='word_1_38' title='bbox 1171 1251 1254 1322; x_wconf 90' lang='lat' dir='ltr'><strong>ipsis,</strong></span> 
     </span>
     <span class='ocr_line' id='line_1_6' title="bbox 208 1335 1254 1405; baseline -0.001 -15"><span class='ocrx_word' id='word_1_39' title='bbox 208 1335 373 1391; x_wconf 81' lang='lat' dir='ltr'><strong>Jobannem</strong></span> <span class='ocrx_word' id='word_1_40' title='bbox 397 1337 518 1401; x_wconf 82' lang='lat' dir='ltr'><strong>scilicet,</strong></span> <span class='ocrx_word' id='word_1_41' title='bbox 539 1346 570 1392; x_wconf 82' lang='lat' dir='ltr'><strong>et</strong></span> <span class='ocrx_word' id='word_1_42' title='bbox 593 1336 815 1400; x_wconf 75' lang='lat' dir='ltr'><strong>Dunewaldum,</strong></span> <span class='ocrx_word' id='word_1_43' title='bbox 835 1336 1029 1399; x_wconf 74' lang='lat' dir='ltr'><strong>Gilebertum</strong></span> <span class='ocrx_word' id='word_1_44' title='bbox 1060 1348 1090 1390; x_wconf 85' lang='lat' dir='ltr'><strong>ot</strong></span> <span class='ocrx_word' id='word_1_45' title='bbox 1107 1335 1254 1405; x_wconf 72' lang='lat' dir='ltr'><strong>[ganum</strong></span> 
     </span>
     <span class='ocr_line' id='line_1_7' title="bbox 207 1419 1256 1492; baseline -0.002 -17"><span class='ocrx_word' id='word_1_46' title='bbox 207 1422 246 1475; x_wconf 83' lang='lat' dir='ltr'><strong>ad</strong></span> <span class='ocrx_word' id='word_1_47' title='bbox 271 1440 370 1476; x_wconf 84' lang='lat' dir='ltr'><strong>sacros</strong></span> <span class='ocrx_word' id='word_1_48' title='bbox 394 1421 511 1477; x_wconf 77' lang='lat' dir='ltr'>ordines</span> <span class='ocrx_word' id='word_1_49' title='bbox 538 1421 675 1481; x_wconf 83' lang='lat' dir='ltr'><strong>canonice</strong></span> <span class='ocrx_word' id='word_1_50' title='bbox 701 1434 848 1492; x_wconf 86' lang='lat' dir='ltr'><strong>promotos</strong></span> <span class='ocrx_word' id='word_1_51' title='bbox 866 1422 968 1485; x_wconf 80' lang='lat' dir='ltr'><strong>fuisse,</strong></span> <span class='ocrx_word' id='word_1_52' title='bbox 988 1430 1019 1476; x_wconf 80' lang='lat' dir='ltr'><strong>et</strong></span> <span class='ocrx_word' id='word_1_53' title='bbox 1041 1440 1059 1474; x_wconf 90' lang='lat' dir='ltr'><strong>a</strong></span> <span class='ocrx_word' id='word_1_54' title='bbox 1076 1420 1124 1474; x_wconf 92' lang='lat' dir='ltr'><strong>die</strong></span> <span class='ocrx_word' id='word_1_55' title='bbox 1142 1419 1256 1474; x_wconf 84' lang='lat' dir='ltr'><strong>ordina·</strong></span> 
     </span>
     <span class='ocr_line' id='line_1_8' title="bbox 209 1504 1254 1576; baseline -0.003 -16"><span class='ocrx_word' id='word_1_56' title='bbox 209 1506 298 1560; x_wconf 83' lang='lat' dir='ltr'><strong>tionis</strong></span> <span class='ocrx_word' id='word_1_57' title='bbox 317 1524 377 1560; x_wconf 76' lang='lat' dir='ltr'><strong>suae</strong></span> <span class='ocrx_word' id='word_1_58' title='bbox 396 1506 426 1559; x_wconf 90' lang='lat' dir='ltr'><strong>in</strong></span> <span class='ocrx_word' id='word_1_59' title='bbox 443 1506 537 1560; x_wconf 81' lang='lat' dir='ltr'><strong>officio</strong></span> <span class='ocrx_word' id='word_1_60' title='bbox 555 1505 728 1560; x_wconf 83' lang='lat' dir='ltr'><strong>sacerdotali</strong></span> <span class='ocrx_word' id='word_1_61' title='bbox 748 1524 841 1576; x_wconf 88' lang='lat' dir='ltr'><strong>usque</strong></span> <span class='ocrx_word' id='word_1_62' title='bbox 860 1523 937 1560; x_wconf 88' lang='lat' dir='ltr'><strong>nunc</strong></span> <span class='ocrx_word' id='word_1_63' title='bbox 955 1504 1254 1576; x_wconf 76' lang='lat' dir='ltr'><strong>irreprehensibiliter</strong></span> 
     </span>
     <span class='ocr_line' id='line_1_9' title="bbox 208 1587 1257 1657; baseline -0.006 -12"><span class='ocrx_word' id='word_1_64' title='bbox 208 1591 402 1652; x_wconf 76' lang='lat' dir='ltr'><strong>ministrasse,</strong></span> <span class='ocrx_word' id='word_1_65' title='bbox 422 1589 496 1645; x_wconf 84' lang='lat' dir='ltr'><strong>alios</strong></span> <span class='ocrx_word' id='word_1_66' title='bbox 509 1607 578 1644; x_wconf 85' lang='lat' dir='ltr'><strong>rero</strong></span> <span class='ocrx_word' id='word_1_67' title='bbox 591 1600 651 1644; x_wconf 82' lang='lat' dir='ltr'><strong>tres</strong></span> <span class='ocrx_word' id='word_1_68' title='bbox 663 1590 726 1643; x_wconf 89' lang='lat' dir='ltr'><strong>dies</strong></span> <span class='ocrx_word' id='word_1_69' title='bbox 745 1608 813 1644; x_wconf 84' lang='lat' dir='ltr'><strong>suos</strong></span> <span class='ocrx_word' id='word_1_70' title='bbox 827 1591 995 1645; x_wconf 82' lang='lat' dir='ltr'><strong>innocenter</strong></span> <span class='ocrx_word' id='word_1_71' title='bbox 1013 1598 1044 1643; x_wconf 80' lang='lat' dir='ltr'><strong>et</strong></span> <span class='ocrx_word' id='word_1_72' title='bbox 1061 1589 1124 1642; x_wconf 89' lang='lat' dir='ltr'><strong>sine</strong></span> <span class='ocrx_word' id='word_1_73' title='bbox 1136 1587 1257 1657; x_wconf 87' lang='lat' dir='ltr'><strong>querela</strong></span> 
     </span>
     <span class='ocr_line' id='line_1_10' title="bbox 208 1670 1256 1746; baseline -0.005 -18"><span class='ocrx_word' id='word_1_74' title='bbox 208 1673 328 1729; x_wconf 81' lang='lat' dir='ltr'><strong>duxisse</strong></span> <span class='ocrx_word' id='word_1_75' title='bbox 354 1674 556 1746; x_wconf 78' lang='lat' dir='ltr'><strong>eognovimus.</strong></span> <span class='ocrx_word' id='word_1_76' title='bbox 593 1674 806 1729; x_wconf 79' lang='lat' dir='ltr'><strong>Testimonium</strong></span> <span class='ocrx_word' id='word_1_77' title='bbox 832 1686 930 1728; x_wconf 89' lang='lat' dir='ltr'><strong>autem</strong></span> <span class='ocrx_word' id='word_1_78' title='bbox 957 1691 1059 1727; x_wconf 89' lang='lat' dir='ltr'><strong>eorum</strong></span> <span class='ocrx_word' id='word_1_79' title='bbox 1084 1689 1141 1725; x_wconf 88' lang='lat' dir='ltr'><strong>non</strong></span> <span class='ocrx_word' id='word_1_80' title='bbox 1160 1670 1256 1724; x_wconf 84' lang='lat' dir='ltr'><strong>solum</strong></span> 
     </span>
     <span class='ocr_line' id='line_1_11' title="bbox 209 1753 1256 1823; baseline -0.008 -10"><span class='ocrx_word' id='word_1_81' title='bbox 209 1759 288 1812; x_wconf 79' lang='lat' dir='ltr'><strong>sama</strong></span> <span class='ocrx_word' id='word_1_82' title='bbox 312 1759 495 1813; x_wconf 84' lang='lat' dir='ltr'><strong>consentiens</strong></span> <span class='ocrx_word' id='word_1_83' title='bbox 523 1758 651 1821; x_wconf 87' lang='lat' dir='ltr'><strong>roborat,</strong></span> <span class='ocrx_word' id='word_1_84' title='bbox 671 1776 773 1812; x_wconf 75' lang='lat' dir='ltr'><strong>rerum</strong></span> <span class='ocrx_word' id='word_1_85' title='bbox 800 1759 889 1812; x_wconf 87' lang='lat' dir='ltr'><strong>etiam</strong></span> <span class='ocrx_word' id='word_1_86' title='bbox 916 1766 947 1812; x_wconf 85' lang='lat' dir='ltr'><strong>et</strong></span> <span class='ocrx_word' id='word_1_87' title='bbox 964 1775 1016 1810; x_wconf 83' lang='lat' dir='ltr'><strong>nos</strong></span> <span class='ocrx_word' id='word_1_88' title='bbox 1041 1755 1078 1809; x_wconf 84' lang='lat' dir='ltr'><strong>ab</strong></span> <span class='ocrx_word' id='word_1_89' title='bbox 1096 1755 1163 1809; x_wconf 91' lang='lat' dir='ltr'><strong>aliis</strong></span> <span class='ocrx_word' id='word_1_90' title='bbox 1182 1753 1256 1823; x_wconf 88' lang='lat' dir='ltr'><strong>legi·</strong></span> 
     </span>
     <span class='ocr_line' id='line_1_12' title="bbox 208 1841 1254 1912; baseline -0.002 -16"><span class='ocrx_word' id='word_1_91' title='bbox 208 1842 290 1896; x_wconf 85' lang='lat' dir='ltr'><strong>timis</strong></span> <span class='ocrx_word' id='word_1_92' title='bbox 318 1843 390 1897; x_wconf 85' lang='lat' dir='ltr'><strong>riris</strong></span> <span class='ocrx_word' id='word_1_93' title='bbox 417 1842 468 1912; x_wconf 89' lang='lat' dir='ltr'><strong>qui</strong></span> <span class='ocrx_word' id='word_1_94' title='bbox 495 1843 525 1896; x_wconf 93' lang='lat' dir='ltr'><strong>in</strong></span> <span class='ocrx_word' id='word_1_95' title='bbox 552 1843 690 1912; x_wconf 70' lang='lat' dir='ltr'><strong>presenti</strong></span> <span class='ocrx_word' id='word_1_96' title='bbox 715 1843 777 1896; x_wconf 78' lang='lat' dir='ltr'><strong>rita</strong></span> <span class='ocrx_word' id='word_1_97' title='bbox 794 1841 889 1896; x_wconf 89' lang='lat' dir='ltr'><strong>adhuc</strong></span> <span class='ocrx_word' id='word_1_98' title='bbox 915 1848 1072 1912; x_wconf 76' lang='lat' dir='ltr'><strong>supersunt</strong></span> <span class='ocrx_word' id='word_1_99' title='bbox 1095 1857 1204 1894; x_wconf 77' lang='lat' dir='ltr'><strong>necnon</strong></span> <span class='ocrx_word' id='word_1_100' title='bbox 1223 1854 1254 1894; x_wconf 82' lang='lat' dir='ltr'><strong>et</strong></span> 
     </span>
     <span class='ocr_line' id='line_1_13' title="bbox 208 1924 1256 1998; baseline -0.004 -17"><span class='ocrx_word' id='word_1_101' title='bbox 208 1927 246 1981; x_wconf 85' lang='lat' dir='ltr'><strong>ab</strong></span> <span class='ocrx_word' id='word_1_102' title='bbox 263 1927 331 1981; x_wconf 86' lang='lat' dir='ltr'><strong>aliia</strong></span> <span class='ocrx_word' id='word_1_103' title='bbox 357 1928 408 1998; x_wconf 86' lang='lat' dir='ltr'><strong>qui</strong></span> <span class='ocrx_word' id='word_1_104' title='bbox 429 1927 492 1996; x_wconf 85' lang='lat' dir='ltr'><strong>jam</strong></span> <span class='ocrx_word' id='word_1_105' title='bbox 510 1927 656 1980; x_wconf 67' lang='lat' dir='ltr'><strong>universae</strong></span> <span class='ocrx_word' id='word_1_106' title='bbox 682 1928 777 1981; x_wconf 88' lang='lat' dir='ltr'><strong>caruis</strong></span> <span class='ocrx_word' id='word_1_107' title='bbox 805 1927 883 1980; x_wconf 83' lang='lat' dir='ltr'><strong>riam</strong></span> <span class='ocrx_word' id='word_1_108' title='bbox 911 1925 1037 1996; x_wconf 79' lang='lat' dir='ltr'><strong>ingressi</strong></span> <span class='ocrx_word' id='word_1_109' title='bbox 1057 1932 1133 1979; x_wconf 87' lang='lat' dir='ltr'><strong>sunt.</strong></span> <span class='ocrx_word' id='word_1_110' title='bbox 1172 1924 1256 1978; x_wconf 84' lang='lat' dir='ltr'><strong>Idem</strong></span> 
     </span>
     <span class='ocr_line' id='line_1_14' title="bbox 207 2010 1256 2083; baseline -0.001 -19"><span class='ocrx_word' id='word_1_111' title='bbox 207 2012 287 2081; x_wconf 85' lang='lat' dir='ltr'><strong>quod</strong></span> <span class='ocrx_word' id='word_1_112' title='bbox 304 2012 362 2083; x_wconf 84' lang='lat' dir='ltr'><strong>ipsi</strong></span> <span class='ocrx_word' id='word_1_113' title='bbox 380 2020 516 2066; x_wconf 87' lang='lat' dir='ltr'><strong>asserunt</strong></span> <span class='ocrx_word' id='word_1_114' title='bbox 534 2029 566 2065; x_wconf 87' lang='lat' dir='ltr'><strong>se</strong></span> <span class='ocrx_word' id='word_1_115' title='bbox 585 2011 695 2066; x_wconf 77' lang='lat' dir='ltr'><strong>vidisse</strong></span> <span class='ocrx_word' id='word_1_116' title='bbox 714 2011 824 2065; x_wconf 86' lang='lat' dir='ltr'><strong>dudum</strong></span> <span class='ocrx_word' id='word_1_117' title='bbox 849 2011 1025 2081; x_wconf 86' lang='lat' dir='ltr'><strong>accepimus,</strong></span> <span class='ocrx_word' id='word_1_118' title='bbox 1045 2028 1113 2064; x_wconf 87' lang='lat' dir='ltr'><strong>cum</strong></span> <span class='ocrx_word' id='word_1_119' title='bbox 1131 2010 1256 2064; x_wconf 86' lang='lat' dir='ltr'><strong>ecelesia</strong></span> 
     </span>
     <span class='ocr_line' id='line_1_15' title="bbox 209 2093 1255 2167; baseline -0.003 -18"><span class='ocrx_word' id='word_1_120' title='bbox 209 2095 403 2150; x_wconf 79' lang='lat' dir='ltr'><strong>Glouoestriae</strong></span> <span class='ocrx_word' id='word_1_121' title='bbox 432 2108 541 2150; x_wconf 89' lang='lat' dir='ltr'><strong>motam</strong></span> <span class='ocrx_word' id='word_1_122' title='bbox 572 2096 680 2167; x_wconf 77' lang='lat' dir='ltr'><strong>saepins</strong></span> <span class='ocrx_word' id='word_1_123' title='bbox 710 2095 813 2149; x_wconf 89' lang='lat' dir='ltr'><strong>dicbus</strong></span> <span class='ocrx_word' id='word_1_124' title='bbox 843 2093 1093 2165; x_wconf 66' lang='lat' dir='ltr'><strong>praedecessorum</strong></span> <span class='ocrx_word' id='word_1_125' title='bbox 1125 2111 1255 2148; x_wconf 88' lang='lat' dir='ltr'><strong>meorum</strong></span> 
     </span>
     <span class='ocr_line' id='line_1_16' title="bbox 209 2177 1257 2251; baseline -0.001 -18"><span class='ocrx_word' id='word_1_126' title='bbox 209 2197 297 2249; x_wconf 69' lang='lat' dir='ltr'><strong>super</strong></span> <span class='ocrx_word' id='word_1_127' title='bbox 323 2179 464 2251; x_wconf 75' lang='lat' dir='ltr'><strong>praedicta</strong></span> <span class='ocrx_word' id='word_1_128' title='bbox 489 2179 615 2234; x_wconf 81' lang='lat' dir='ltr'><strong>eeclesia</strong></span> <span class='ocrx_word' id='word_1_129' title='bbox 641 2179 867 2234; x_wconf 76' lang='lat' dir='ltr'><strong>controversiam</strong></span> <span class='ocrx_word' id='word_1_130' title='bbox 893 2179 1058 2232; x_wconf 74' lang='lat' dir='ltr'><strong>suscinret.</strong></span> <span class='ocrx_word' id='word_1_131' title='bbox 1095 2177 1203 2231; x_wconf 80' lang='lat' dir='ltr'><strong>Extant</strong></span> <span class='ocrx_word' id='word_1_132' title='bbox 1226 2190 1257 2232; x_wconf 87' lang='lat' dir='ltr'><strong>et</strong></span> 
     </span>
     <span class='ocr_line' id='line_1_17' title="bbox 207 2260 1255 2332; baseline -0.002 -16"><span class='ocrx_word' id='word_1_133' title='bbox 207 2263 271 2327; x_wconf 87' lang='lat' dir='ltr'><strong>alii,</strong></span> <span class='ocrx_word' id='word_1_134' title='bbox 289 2274 350 2318; x_wconf 79' lang='lat' dir='ltr'><strong>tam</strong></span> <span class='ocrx_word' id='word_1_135' title='bbox 368 2263 404 2317; x_wconf 90' lang='lat' dir='ltr'><strong>de</strong></span> <span class='ocrx_word' id='word_1_136' title='bbox 422 2263 588 2317; x_wconf 80' lang='lat' dir='ltr'><strong>bominibus</strong></span> <span class='ocrx_word' id='word_1_137' title='bbox 613 2263 726 2317; x_wconf 80' lang='lat' dir='ltr'><strong>comitis</strong></span> <span class='ocrx_word' id='word_1_138' title='bbox 745 2263 937 2317; x_wconf 78' lang='lat' dir='ltr'><strong>Glouoestriae</strong></span> <span class='ocrx_word' id='word_1_139' title='bbox 963 2280 1051 2332; x_wconf 87' lang='lat' dir='ltr'><strong>quam</strong></span> <span class='ocrx_word' id='word_1_140' title='bbox 1078 2260 1114 2314; x_wconf 91' lang='lat' dir='ltr'><strong>de</strong></span> <span class='ocrx_word' id='word_1_141' title='bbox 1141 2262 1255 2324; x_wconf 83' lang='lat' dir='ltr'><strong>alienis,</strong></span> 
     </span>
     <span class='ocr_line' id='line_1_18' title="bbox 208 2346 1256 2416; baseline -0.002 -16"><span class='ocrx_word' id='word_1_142' title='bbox 208 2347 260 2416; x_wconf 88' lang='lat' dir='ltr'><strong>qui</strong></span> <span class='ocrx_word' id='word_1_143' title='bbox 300 2348 455 2402; x_wconf 73' lang='lat' dir='ltr'><strong>veritatem</strong></span> <span class='ocrx_word' id='word_1_144' title='bbox 491 2347 673 2402; x_wconf 80' lang='lat' dir='ltr'><strong>abscondunt</strong></span> <span class='ocrx_word' id='word_1_145' title='bbox 714 2347 942 2401; x_wconf 73' lang='lat' dir='ltr'><strong>malivolentiam</strong></span> <span class='ocrx_word' id='word_1_146' title='bbox 980 2347 1073 2416; x_wconf 87' lang='lat' dir='ltr'><strong>ipsius</strong></span> <span class='ocrx_word' id='word_1_147' title='bbox 1107 2346 1256 2400; x_wconf 85' lang='lat' dir='ltr'><strong>incurrere</strong></span> 
     </span>
     <span class='ocr_line' id='line_1_19' title="bbox 207 2430 1254 2495; baseline -0.002 -9"><span class='ocrx_word' id='word_1_148' title='bbox 207 2438 382 2495; x_wconf 79' lang='lat' dir='ltr'><strong>metuentes,</strong></span> <span class='ocrx_word' id='word_1_149' title='bbox 402 2432 454 2486; x_wconf 89' lang='lat' dir='ltr'><strong>sed</strong></span> <span class='ocrx_word' id='word_1_150' title='bbox 472 2432 510 2486; x_wconf 88' lang='lat' dir='ltr'><strong>ad</strong></span> <span class='ocrx_word' id='word_1_151' title='bbox 533 2450 597 2486; x_wconf 75' lang='lat' dir='ltr'><strong>eam</strong></span> <span class='ocrx_word' id='word_1_152' title='bbox 615 2431 836 2495; x_wconf 81' lang='lat' dir='ltr'><strong>testificandam,</strong></span> <span class='ocrx_word' id='word_1_153' title='bbox 856 2432 882 2485; x_wconf 85' lang='lat' dir='ltr'><strong>si</strong></span> <span class='ocrx_word' id='word_1_154' title='bbox 902 2449 1020 2486; x_wconf 75' lang='lat' dir='ltr'><strong>neeesse</strong></span> <span class='ocrx_word' id='word_1_155' title='bbox 1039 2430 1130 2485; x_wconf 84' lang='lat' dir='ltr'><strong>suerit</strong></span> <span class='ocrx_word' id='word_1_156' title='bbox 1147 2430 1254 2494; x_wconf 82' lang='lat' dir='ltr'><strong>abbati,</strong></span> 
     </span>
     <span class='ocr_line' id='line_1_20' title="bbox 207 2514 1120 2589; baseline -0.002 -19"><span class='ocrx_word' id='word_1_157' title='bbox 207 2524 308 2572; x_wconf 70' lang='lat' dir='ltr'><strong>vestm</strong></span> <span class='ocrx_word' id='word_1_158' title='bbox 324 2523 462 2589; x_wconf 85' lang='lat' dir='ltr'><strong>poterunt</strong></span> <span class='ocrx_word' id='word_1_159' title='bbox 479 2517 504 2572; x_wconf 86' lang='lat' dir='ltr'><strong>si</strong></span> <span class='ocrx_word' id='word_1_160' title='bbox 523 2516 619 2588; x_wconf 83' lang='lat' dir='ltr'><strong>placet</strong></span> <span class='ocrx_word' id='word_1_161' title='bbox 636 2516 806 2572; x_wconf 85' lang='lat' dir='ltr'><strong>auctoritate</strong></span> <span class='ocrx_word' id='word_1_162' title='bbox 824 2515 969 2587; x_wconf 86' lang='lat' dir='ltr'><strong>compelli.</strong></span> <span class='ocrx_word' id='word_1_163' title='bbox 1007 2514 1120 2570; x_wconf 61' lang='lat' dir='ltr'><strong>valete.</strong></span> 
     </span>
    </p>
   </div>
   <div class='ocr_carea' id='block_1_3' title="bbox 563 2813 904 2884">
    <p class='ocr_par' dir='ltr' id='par_1_3' title="bbox 563 2813 904 2884">
     <span class='ocr_line' id='line_1_21' title="bbox 563 2813 904 2884; baseline -0.006 -1"><span class='ocrx_word' id='word_1_164' title='bbox 563 2813 691 2883; x_wconf 88' lang='lat' dir='ltr'>DXIX.</span> <span class='ocrx_word' id='word_1_165' title='bbox 715 2816 763 2883; x_wconf 85' lang='lat' dir='ltr'><strong>De</strong></span> <span class='ocrx_word' id='word_1_166' title='bbox 785 2814 904 2884; x_wconf 73' lang='lat' dir='ltr'><strong>eodem.</strong></span> 
     </span>
    </p>
   </div>
   <div class='ocr_carea' id='block_1_4' title="bbox 199 2984 1423 4580">
    <p class='ocr_par' dir='ltr' id='par_1_4' title="bbox 199 2984 1423 4580">
     <span class='ocr_line' id='line_1_22' title="bbox 241 2984 1423 3062; baseline 0.004 -20"><span class='ocrx_word' id='word_1_167' title='bbox 241 2984 352 3044; x_wconf 65' lang='lat' dir='ltr'><strong>Xomm</strong></span> <span class='ocrx_word' id='word_1_168' title='bbox 376 2989 416 3044; x_wconf 82' lang='lat' dir='ltr'><strong>sit</strong></span> <span class='ocrx_word' id='word_1_169' title='bbox 438 2990 570 3045; x_wconf 78' lang='lat' dir='ltr'><strong>omnibus</strong></span> <span class='ocrx_word' id='word_1_170' title='bbox 595 2991 632 3045; x_wconf 88' lang='lat' dir='ltr'><strong>ad</strong></span> <span class='ocrx_word' id='word_1_171' title='bbox 656 3010 729 3062; x_wconf 86' lang='lat' dir='ltr'><strong>quos</strong></span> <span class='ocrx_word' id='word_1_172' title='bbox 753 3009 882 3062; x_wconf 81' lang='lat' dir='ltr'><strong>praesens</strong></span> <span class='ocrx_word' id='word_1_173' title='bbox 906 2989 1047 3061; x_wconf 87' lang='lat' dir='ltr'><strong>scriptum</strong></span> <span class='ocrx_word' id='word_1_174' title='bbox 1077 2990 1251 3060; x_wconf 81' lang='lat' dir='ltr'><strong>pervenerit,</strong></span> <span class='ocrx_word' id='word_1_175' title='bbox 1267 2995 1335 3046; x_wconf 70' lang='lat' dir='ltr'><strong>Ab.</strong></span> <span class='ocrx_word' id='word_1_176' title='bbox 1350 3002 1423 3059; x_wconf 67' lang='lat'><strong>120⁴,</strong></span> 
     </span>
     <span class='ocr_line' id='line_1_23' title="bbox 207 3062 1380 3146; baseline 0.002 -19"><span class='ocrx_word' id='word_1_177' title='bbox 207 3073 286 3144; x_wconf 84' lang='lat' dir='ltr'><strong>quod</strong></span> <span class='ocrx_word' id='word_1_178' title='bbox 303 3092 371 3128; x_wconf 90' lang='lat' dir='ltr'><strong>cum</strong></span> <span class='ocrx_word' id='word_1_179' title='bbox 396 3074 473 3130; x_wconf 82' lang='lat' dir='ltr'><strong>inter</strong></span> <span class='ocrx_word' id='word_1_180' title='bbox 495 3074 645 3130; x_wconf 89' lang='lat' dir='ltr'><strong>dominum</strong></span> <span class='ocrx_word' id='word_1_181' title='bbox 670 3076 886 3130; x_wconf 71' lang='lat' dir='ltr'><strong>landavensem</strong></span> <span class='ocrx_word' id='word_1_182' title='bbox 911 3074 1080 3146; x_wconf 81' lang='lat' dir='ltr'><strong>episcopum</strong></span> <span class='ocrx_word' id='word_1_183' title='bbox 1107 3082 1137 3128; x_wconf 84' lang='lat' dir='ltr'><strong>et</strong></span> <span class='ocrx_word' id='word_1_184' title='bbox 1160 3075 1252 3130; x_wconf 90' lang='lat' dir='ltr'><strong>domi·</strong></span> <span class='ocrx_word' id='word_1_185' title='bbox 1266 3062 1329 3129; x_wconf 75' lang='lat'><strong>¹¹¹5</strong></span> <span class='ocrx_word' id='word_1_186' title='bbox 1343 3069 1380 3115; x_wconf 91' lang='lat'><strong>¹¹·</strong></span> 
     </span>
     <span class='ocr_line' id='line_1_24' title="bbox 207 3144 1353 3222; baseline 0.002 -11"><span class='ocrx_word' id='word_1_187' title='bbox 207 3175 278 3211; x_wconf 89' lang='lat' dir='ltr'><strong>num</strong></span> <span class='ocrx_word' id='word_1_188' title='bbox 296 3159 429 3213; x_wconf 69' lang='lat' dir='ltr'><strong>ablatem</strong></span> <span class='ocrx_word' id='word_1_189' title='bbox 447 3166 478 3214; x_wconf 90' lang='lat' dir='ltr'><strong>et</strong></span> <span class='ocrx_word' id='word_1_190' title='bbox 494 3168 667 3214; x_wconf 72' lang='lat' dir='ltr'><strong>conventum</strong></span> <span class='ocrx_word' id='word_1_191' title='bbox 683 3159 884 3222; x_wconf 78' lang='lat' dir='ltr'><strong>Gloucestriae,</strong></span> <span class='ocrx_word' id='word_1_192' title='bbox 897 3161 1070 3214; x_wconf 84' lang='lat' dir='ltr'><strong>auctoritate</strong></span> <span class='ocrx_word' id='word_1_193' title='bbox 1088 3160 1253 3214; x_wconf 86' lang='lat' dir='ltr'><strong>litterarum</strong></span> <span class='ocrx_word' id='word_1_194' title='bbox 1266 3144 1353 3195; x_wconf 56' lang='grc' dir='ltr'><strong>ΟΜΝ</strong></span> 
     </span>
     <span class='ocr_line' id='line_1_25' title="bbox 209 3227 1343 3315; baseline 0.001 -19"><span class='ocrx_word' id='word_1_195' title='bbox 209 3242 323 3296; x_wconf 82' lang='lat' dir='ltr'><strong>Summi</strong></span> <span class='ocrx_word' id='word_1_196' title='bbox 353 3241 513 3306; x_wconf 89' lang='lat' dir='ltr'><strong>Pontifieis,</strong></span> <span class='ocrx_word' id='word_1_197' title='bbox 546 3261 644 3299; x_wconf 87' lang='lat' dir='ltr'><strong>eoram</strong></span> <span class='ocrx_word' id='word_1_198' title='bbox 673 3243 790 3298; x_wconf 91' lang='lat' dir='ltr'><strong>domino</strong></span> <span class='ocrx_word' id='word_1_199' title='bbox 819 3245 954 3315; x_wconf 87' lang='lat' dir='ltr'><strong>episcopo</strong></span> <span class='ocrx_word' id='word_1_200' title='bbox 982 3242 1191 3298; x_wconf 83' lang='lat' dir='ltr'><strong>Heresordensi</strong></span> <span class='ocrx_word' id='word_1_201' title='bbox 1223 3249 1255 3297; x_wconf 87' lang='lat' dir='ltr'><strong>et</strong></span> <span class='ocrx_word' id='word_1_202' title='bbox 1266 3227 1343 3262; x_wconf 62' lang='lat' dir='ltr'><strong>‘m‘</strong></span> 
     </span>
     <span class='ocr_line' id='line_1_26' title="bbox 207 3326 1252 3399; baseline 0.002 -19"><span class='ocrx_word' id='word_1_203' title='bbox 207 3326 316 3381; x_wconf 79' lang='lat' dir='ltr'><strong>decano</strong></span> <span class='ocrx_word' id='word_1_204' title='bbox 337 3334 368 3380; x_wconf 86' lang='lat' dir='ltr'><strong>et</strong></span> <span class='ocrx_word' id='word_1_205' title='bbox 390 3335 567 3397; x_wconf 70' lang='lat' dir='ltr'><strong>praecentore</strong></span> <span class='ocrx_word' id='word_1_206' title='bbox 587 3327 861 3391; x_wconf 83' lang='lat' dir='ltr'><strong>Heresordeusibus,</strong></span> <span class='ocrx_word' id='word_1_207' title='bbox 876 3345 965 3399; x_wconf 88' lang='lat' dir='ltr'><strong>super</strong></span> <span class='ocrx_word' id='word_1_208' title='bbox 982 3328 1138 3398; x_wconf 80' lang='lat' dir='ltr'><strong>multiplici</strong></span> <span class='ocrx_word' id='word_1_209' title='bbox 1158 3328 1252 3399; x_wconf 90' lang='lat' dir='ltr'><strong>inqui·</strong></span> 
     </span>
     <span class='ocr_line' id='line_1_27' title="bbox 207 3410 1253 3483; baseline 0.005 -20"><span class='ocrx_word' id='word_1_210' title='bbox 207 3410 311 3464; x_wconf 78' lang='lat' dir='ltr'><strong>sitione</strong></span> <span class='ocrx_word' id='word_1_211' title='bbox 328 3411 460 3466; x_wconf 66' lang='lat' dir='ltr'><strong>ecclesiae</strong></span> <span class='ocrx_word' id='word_1_212' title='bbox 477 3411 514 3465; x_wconf 87' lang='lat' dir='ltr'><strong>de</strong></span> <span class='ocrx_word' id='word_1_213' title='bbox 528 3412 615 3466; x_wconf 72' lang='lat' dir='ltr'><strong>Novo</strong></span> <span class='ocrx_word' id='word_1_214' title='bbox 632 3412 743 3482; x_wconf 82' lang='lat' dir='ltr'><strong>Burgo,</strong></span> <span class='ocrx_word' id='word_1_215' title='bbox 757 3431 845 3483; x_wconf 88' lang='lat' dir='ltr'><strong>quam</strong></span> <span class='ocrx_word' id='word_1_216' title='bbox 863 3412 934 3467; x_wconf 89' lang='lat' dir='ltr'><strong>dicti</strong></span> <span class='ocrx_word' id='word_1_217' title='bbox 953 3411 1041 3466; x_wconf 86' lang='lat' dir='ltr'><strong>abbas</strong></span> <span class='ocrx_word' id='word_1_218' title='bbox 1054 3418 1084 3466; x_wconf 83' lang='lat' dir='ltr'><strong>et</strong></span> <span class='ocrx_word' id='word_1_219' title='bbox 1094 3420 1253 3468; x_wconf 77' lang='lat' dir='ltr'><strong>conventus</strong></span> 
     </span>
     <span class='ocr_line' id='line_1_28' title="bbox 207 3495 1251 3568; baseline 0.002 -19"><span class='ocrx_word' id='word_1_220' title='bbox 207 3495 425 3566; x_wconf 70' lang='lat' dir='ltr'><strong>praenominatas</strong></span> <span class='ocrx_word' id='word_1_221' title='bbox 448 3496 580 3551; x_wconf 70' lang='lat' dir='ltr'><strong>eeclesiae</strong></span> <span class='ocrx_word' id='word_1_222' title='bbox 603 3497 640 3551; x_wconf 92' lang='lat' dir='ltr'><strong>ab</strong></span> <span class='ocrx_word' id='word_1_223' title='bbox 663 3497 799 3568; x_wconf 89' lang='lat' dir='ltr'><strong>episeopo</strong></span> <span class='ocrx_word' id='word_1_224' title='bbox 827 3497 933 3551; x_wconf 83' lang='lat' dir='ltr'><strong>suetam</strong></span> <span class='ocrx_word' id='word_1_225' title='bbox 956 3513 1021 3551; x_wconf 82' lang='lat' dir='ltr'><strong>esse</strong></span> <span class='ocrx_word' id='word_1_226' title='bbox 1045 3496 1251 3567; x_wconf 78' lang='lat' dir='ltr'><strong>proponebant,</strong></span> 
     </span>
     <span class='ocr_line' id='line_1_29' title="bbox 204 3579 1253 3652; baseline 0 -18"><span class='ocrx_word' id='word_1_227' title='bbox 204 3580 404 3634; x_wconf 78' lang='lat' dir='ltr'><strong>controversia</strong></span> <span class='ocrx_word' id='word_1_228' title='bbox 426 3589 610 3644; x_wconf 74' lang='lat' dir='ltr'><strong>moreretur5</strong></span> <span class='ocrx_word' id='word_1_229' title='bbox 635 3580 752 3636; x_wconf 87' lang='lat' dir='ltr'><strong>tandem</strong></span> <span class='ocrx_word' id='word_1_230' title='bbox 776 3581 852 3635; x_wconf 84' lang='lat' dir='ltr'><strong>inter</strong></span> <span class='ocrx_word' id='word_1_231' title='bbox 869 3580 948 3652; x_wconf 88' lang='lat' dir='ltr'><strong>ipsos</strong></span> <span class='ocrx_word' id='word_1_232' title='bbox 966 3581 1022 3635; x_wconf 88' lang='lat' dir='ltr'><strong>hoo</strong></span> <span class='ocrx_word' id='word_1_233' title='bbox 1040 3579 1125 3635; x_wconf 89' lang='lat' dir='ltr'><strong>modo</strong></span> <span class='ocrx_word' id='word_1_234' title='bbox 1147 3581 1253 3634; x_wconf 84' lang='lat' dir='ltr'><strong>amica·</strong></span> 
     </span>
     <span class='ocr_line' id='line_1_30' title="bbox 205 3662 1253 3736; baseline 0.003 -20"><span class='ocrx_word' id='word_1_235' title='bbox 205 3662 307 3718; x_wconf 83' lang='lat' dir='ltr'><strong>biliter</strong></span> <span class='ocrx_word' id='word_1_236' title='bbox 323 3664 501 3734; x_wconf 76' lang='lat' dir='ltr'><strong>conquievit,</strong></span> <span class='ocrx_word' id='word_1_237' title='bbox 520 3664 659 3720; x_wconf 78' lang='lat' dir='ltr'><strong>videlieet</strong></span> <span class='ocrx_word' id='word_1_238' title='bbox 681 3664 760 3736; x_wconf 84' lang='lat' dir='ltr'><strong>quod</strong></span> <span class='ocrx_word' id='word_1_239' title='bbox 782 3665 936 3736; x_wconf 86' lang='lat' dir='ltr'><strong>episeopus</strong></span> <span class='ocrx_word' id='word_1_240' title='bbox 957 3664 1164 3729; x_wconf 77' lang='lat' dir='ltr'><strong>laudavensis,</strong></span> <span class='ocrx_word' id='word_1_241' title='bbox 1186 3683 1253 3719; x_wconf 85' lang='lat' dir='ltr'><strong>cum</strong></span> 
     </span>
     <span class='ocr_line' id='line_1_31' title="bbox 204 3747 1251 3820; baseline 0.001 -18"><span class='ocrx_word' id='word_1_242' title='bbox 204 3747 241 3802; x_wconf 82' lang='lat' dir='ltr'><strong>ad</strong></span> <span class='ocrx_word' id='word_1_243' title='bbox 254 3748 408 3803; x_wconf 79' lang='lat' dir='ltr'><strong>eeclesiam</strong></span> <span class='ocrx_word' id='word_1_244' title='bbox 420 3748 456 3802; x_wconf 88' lang='lat' dir='ltr'><strong>de</strong></span> <span class='ocrx_word' id='word_1_245' title='bbox 468 3748 552 3804; x_wconf 73' lang='lat' dir='ltr'><strong>Novo</strong></span> <span class='ocrx_word' id='word_1_246' title='bbox 568 3749 679 3820; x_wconf 84' lang='lat' dir='ltr'><strong>Burgo,</strong></span> <span class='ocrx_word' id='word_1_247' title='bbox 692 3767 760 3803; x_wconf 91' lang='lat' dir='ltr'><strong>cum</strong></span> <span class='ocrx_word' id='word_1_248' title='bbox 779 3749 927 3804; x_wconf 84' lang='lat' dir='ltr'><strong>moderato</strong></span> <span class='ocrx_word' id='word_1_249' title='bbox 944 3749 1103 3804; x_wconf 77' lang='lat' dir='ltr'><strong>evectionis</strong></span> <span class='ocrx_word' id='word_1_250' title='bbox 1121 3768 1251 3814; x_wconf 91' lang='lat' dir='ltr'><strong>numero,</strong></span> 
     </span>
     <span class='ocr_line' id='line_1_32' title="bbox 206 3833 1254 3905; baseline 0.002 -19"><span class='ocrx_word' id='word_1_251' title='bbox 206 3838 294 3903; x_wconf 85' lang='lat' dir='ltr'><strong>prout</strong></span> <span class='ocrx_word' id='word_1_252' title='bbox 315 3833 346 3886; x_wconf 92' lang='lat' dir='ltr'><strong>in</strong></span> <span class='ocrx_word' id='word_1_253' title='bbox 375 3833 561 3887; x_wconf 77' lang='lat' dir='ltr'><strong>lateranensi</strong></span> <span class='ocrx_word' id='word_1_254' title='bbox 587 3833 710 3888; x_wconf 86' lang='lat' dir='ltr'><strong>concilio</strong></span> <span class='ocrx_word' id='word_1_255' title='bbox 735 3833 908 3897; x_wconf 78' lang='lat' dir='ltr'><strong>continetur,</strong></span> <span class='ocrx_word' id='word_1_256' title='bbox 933 3834 964 3888; x_wconf 92' lang='lat' dir='ltr'><strong>in</strong></span> <span class='ocrx_word' id='word_1_257' title='bbox 988 3833 1106 3905; x_wconf 85' lang='lat' dir='ltr'><strong>propria</strong></span> <span class='ocrx_word' id='word_1_258' title='bbox 1131 3852 1254 3905; x_wconf 84' lang='lat' dir='ltr'><strong>persona</strong></span> 
     </span>
     <span class='ocr_line' id='line_1_33' title="bbox 204 3917 1254 3988; baseline -0.001 -15"><span class='ocrx_word' id='word_1_259' title='bbox 204 3935 295 3973; x_wconf 69' lang='lat' dir='ltr'><strong>causa</strong></span> <span class='ocrx_word' id='word_1_260' title='bbox 321 3917 497 3972; x_wconf 75' lang='lat' dir='ltr'><strong>visitationis</strong></span> <span class='ocrx_word' id='word_1_261' title='bbox 518 3919 684 3980; x_wconf 77' lang='lat' dir='ltr'><strong>accesserit,</strong></span> <span class='ocrx_word' id='word_1_262' title='bbox 710 3926 921 3988; x_wconf 84' lang='lat' dir='ltr'><strong>competentem</strong></span> <span class='ocrx_word' id='word_1_263' title='bbox 947 3918 983 3972; x_wconf 89' lang='lat' dir='ltr'><strong>ab</strong></span> <span class='ocrx_word' id='word_1_264' title='bbox 1010 3918 1112 3972; x_wconf 84' lang='lat' dir='ltr'><strong>eadem</strong></span> <span class='ocrx_word' id='word_1_265' title='bbox 1130 3918 1254 3973; x_wconf 83' lang='lat' dir='ltr'><strong>ecclesia</strong></span> 
     </span>
     <span class='ocr_line' id='line_1_34' title="bbox 205 4000 1254 4073; baseline 0 -17"><span class='ocrx_word' id='word_1_266' title='bbox 205 4001 439 4071; x_wconf 73' lang='lat' dir='ltr'><strong>procurationem</strong></span> <span class='ocrx_word' id='word_1_267' title='bbox 451 4001 601 4073; x_wconf 84' lang='lat' dir='ltr'><strong>percipiet.</strong></span> <span class='ocrx_word' id='word_1_268' title='bbox 631 4000 706 4056; x_wconf 89' lang='lat' dir='ltr'><strong>Cum</strong></span> <span class='ocrx_word' id='word_1_269' title='bbox 723 4002 811 4056; x_wconf 83' lang='lat' dir='ltr'><strong>etiam</strong></span> <span class='ocrx_word' id='word_1_270' title='bbox 830 4014 953 4072; x_wconf 80' lang='lat' dir='ltr'><strong>urgente</strong></span> <span class='ocrx_word' id='word_1_271' title='bbox 972 4001 1144 4057; x_wconf 72' lang='lat' dir='ltr'><strong>necessitate</strong></span> <span class='ocrx_word' id='word_1_272' title='bbox 1162 4002 1254 4057; x_wconf 82' lang='lat' dir='ltr'><strong>ecele-</strong></span> 
     </span>
     <span class='ocr_line' id='line_1_35' title="bbox 205 4084 1253 4157; baseline 0.001 -18"><span class='ocrx_word' id='word_1_273' title='bbox 205 4084 258 4139; x_wconf 72' lang='lat' dir='ltr'><strong>siae</strong></span> <span class='ocrx_word' id='word_1_274' title='bbox 277 4084 476 4140; x_wconf 67' lang='lat' dir='ltr'><strong>landavensis</strong></span> <span class='ocrx_word' id='word_1_275' title='bbox 495 4086 648 4157; x_wconf 83' lang='lat' dir='ltr'><strong>episeopus</strong></span> <span class='ocrx_word' id='word_1_276' title='bbox 666 4085 860 4141; x_wconf 81' lang='lat' dir='ltr'><strong>communiter</strong></span> <span class='ocrx_word' id='word_1_277' title='bbox 877 4106 896 4139; x_wconf 86' lang='lat' dir='ltr'><strong>a</strong></span> <span class='ocrx_word' id='word_1_278' title='bbox 915 4086 1029 4140; x_wconf 68' lang='lat' dir='ltr'><strong>wteris</strong></span> <span class='ocrx_word' id='word_1_279' title='bbox 1047 4085 1179 4140; x_wconf 82' lang='lat' dir='ltr'><strong>ecclesiis</strong></span> <span class='ocrx_word' id='word_1_280' title='bbox 1192 4104 1253 4140; x_wconf 84' lang='lat' dir='ltr'><strong>suae</strong></span> 
     </span>
     <span class='ocr_line' id='line_1_36' title="bbox 203 4168 1254 4241; baseline 0.002 -19"><span class='ocrx_word' id='word_1_281' title='bbox 203 4168 350 4239; x_wconf 72' lang='lat' dir='ltr'><strong>dyoeoesis</strong></span> <span class='ocrx_word' id='word_1_282' title='bbox 374 4170 515 4224; x_wconf 83' lang='lat' dir='ltr'><strong>auxilium</strong></span> <span class='ocrx_word' id='word_1_283' title='bbox 539 4169 707 4240; x_wconf 71' lang='lat' dir='ltr'><strong>postulabit,</strong></span> <span class='ocrx_word' id='word_1_284' title='bbox 727 4169 806 4224; x_wconf 86' lang='lat' dir='ltr'><strong>dicta</strong></span> <span class='ocrx_word' id='word_1_285' title='bbox 832 4169 957 4224; x_wconf 82' lang='lat' dir='ltr'><strong>ecclesia</strong></span> <span class='ocrx_word' id='word_1_286' title='bbox 980 4169 1017 4223; x_wconf 91' lang='lat' dir='ltr'><strong>de</strong></span> <span class='ocrx_word' id='word_1_287' title='bbox 1042 4169 1127 4224; x_wconf 73' lang='lat' dir='ltr'><strong>Novo</strong></span> <span class='ocrx_word' id='word_1_288' title='bbox 1152 4169 1254 4241; x_wconf 81' lang='lat' dir='ltr'><strong>Burgo</strong></span> 
     </span>
     <span class='ocr_line' id='line_1_37' title="bbox 201 4252 1255 4324; baseline 0 -16"><span class='ocrx_word' id='word_1_289' title='bbox 201 4252 388 4309; x_wconf 71' lang='lat' dir='ltr'><strong>moderamni</strong></span> <span class='ocrx_word' id='word_1_290' title='bbox 411 4253 448 4317; x_wconf 84' lang='lat' dir='ltr'><strong>ei,</strong></span> <span class='ocrx_word' id='word_1_291' title='bbox 474 4254 561 4324; x_wconf 83' lang='lat' dir='ltr'><strong>juxta</strong></span> <span class='ocrx_word' id='word_1_292' title='bbox 585 4255 708 4309; x_wconf 84' lang='lat' dir='ltr'><strong>sormam</strong></span> <span class='ocrx_word' id='word_1_293' title='bbox 738 4252 941 4309; x_wconf 63' lang='lat' dir='ltr'><strong>lateranensis</strong></span> <span class='ocrx_word' id='word_1_294' title='bbox 971 4253 1096 4318; x_wconf 88' lang='lat' dir='ltr'><strong>concilii,</strong></span> <span class='ocrx_word' id='word_1_295' title='bbox 1125 4256 1255 4308; x_wconf 82' lang='lat' dir='ltr'><strong>conseret</strong></span> 
     </span>
     <span class='ocr_line' id='line_1_38' title="bbox 200 4337 1253 4410; baseline 0.001 -18"><span class='ocrx_word' id='word_1_296' title='bbox 200 4338 354 4393; x_wconf 77' lang='lat' dir='ltr'><strong>auxilium.</strong></span> <span class='ocrx_word' id='word_1_297' title='bbox 400 4338 484 4393; x_wconf 82' lang='lat' dir='ltr'><strong>idem</strong></span> <span class='ocrx_word' id='word_1_298' title='bbox 505 4338 595 4394; x_wconf 83' lang='lat' dir='ltr'><strong>etiam</strong></span> <span class='ocrx_word' id='word_1_299' title='bbox 617 4339 771 4410; x_wconf 85' lang='lat' dir='ltr'><strong>episcopus</strong></span> <span class='ocrx_word' id='word_1_300' title='bbox 795 4339 916 4393; x_wconf 87' lang='lat' dir='ltr'><strong>elericos</strong></span> <span class='ocrx_word' id='word_1_301' title='bbox 936 4337 1054 4393; x_wconf 83' lang='lat' dir='ltr'><strong>idoneos</strong></span> <span class='ocrx_word' id='word_1_302' title='bbox 1082 4356 1155 4408; x_wconf 83' lang='lat' dir='ltr'><strong>quoa</strong></span> <span class='ocrx_word' id='word_1_303' title='bbox 1183 4339 1253 4393; x_wconf 85' lang='lat' dir='ltr'><strong>dicti</strong></span> 
     </span>
     <span class='ocr_line' id='line_1_39' title="bbox 199 4422 1353 4495; baseline 0.003 -18"><span class='ocrx_word' id='word_1_304' title='bbox 199 4422 293 4477; x_wconf 80' lang='lat' dir='ltr'><strong>abbas</strong></span> <span class='ocrx_word' id='word_1_305' title='bbox 317 4432 349 4478; x_wconf 83' lang='lat' dir='ltr'><strong>et</strong></span> <span class='ocrx_word' id='word_1_306' title='bbox 373 4431 534 4478; x_wconf 77' lang='lat' dir='ltr'><strong>conventus</strong></span> <span class='ocrx_word' id='word_1_307' title='bbox 553 4423 590 4477; x_wconf 88' lang='lat' dir='ltr'><strong>ad</strong></span> <span class='ocrx_word' id='word_1_308' title='bbox 608 4423 769 4478; x_wconf 82' lang='lat' dir='ltr'><strong>custodiam</strong></span> <span class='ocrx_word' id='word_1_309' title='bbox 788 4423 919 4477; x_wconf 70' lang='lat' dir='ltr'><strong>ecclesiae</strong></span> <span class='ocrx_word' id='word_1_310' title='bbox 938 4422 974 4477; x_wconf 89' lang='lat' dir='ltr'><strong>de</strong></span> <span class='ocrx_word' id='word_1_311' title='bbox 992 4423 1077 4478; x_wconf 75' lang='lat' dir='ltr'><strong>Nero</strong></span> <span class='ocrx_word' id='word_1_312' title='bbox 1098 4423 1200 4495; x_wconf 87' lang='lat' dir='ltr'><strong>Burgo</strong></span> <span class='ocrx_word' id='word_1_313' title='bbox 1225 4423 1254 4477; x_wconf 89' lang='lat' dir='ltr'><strong>ei</strong></span> <span class='ocrx_word' id='word_1_314' title='bbox 1267 4429 1284 4479; x_wconf 75' lang='lat' dir='ltr'><strong>t</strong></span> <span class='ocrx_word' id='word_1_315' title='bbox 1299 4435 1353 4480; x_wconf 73' lang='lat'><strong>1³2</strong></span> 
     </span>
     <span class='ocr_line' id='line_1_40' title="bbox 199 4507 1254 4580; baseline 0.002 -18"><span class='ocrx_word' id='word_1_316' title='bbox 199 4526 258 4580; x_wconf 90' lang='lat' dir='ltr'><strong>pro</strong></span> <span class='ocrx_word' id='word_1_317' title='bbox 274 4520 405 4579; x_wconf 85' lang='lat' dir='ltr'><strong>tempore</strong></span> <span class='ocrx_word' id='word_1_318' title='bbox 423 4507 662 4579; x_wconf 71' lang='lat' dir='ltr'><strong>praesentabunt,¹</strong></span> <span class='ocrx_word' id='word_1_319' title='bbox 675 4508 737 4562; x_wconf 88' lang='lat' dir='ltr'><strong>sine</strong></span> <span class='ocrx_word' id='word_1_320' title='bbox 755 4507 925 4563; x_wconf 85' lang='lat' dir='ltr'><strong>difficultate</strong></span> <span class='ocrx_word' id='word_1_321' title='bbox 943 4508 1087 4564; x_wconf 84' lang='lat' dir='ltr'><strong>admittet.</strong></span> <span class='ocrx_word' id='word_1_322' title='bbox 1125 4508 1254 4577; x_wconf 69' lang='lat' dir='ltr'><strong>Quaestio</strong></span> 
     </span>
    </p>
   </div>
   <div class='ocr_carea' id='block_1_5' title="bbox 207 4642 1205 4650">
    <p class='ocr_par' dir='ltr' id='par_1_5' title="bbox 207 4642 1205 4650">
     <span class='ocr_line' id='line_1_41' title="bbox 207 4642 1205 4650; baseline -0.001 -1"><span class='ocrx_word' id='word_1_323' title='bbox 207 4642 342 4649; x_wconf 81' lang='lat'><em>-------</em></span> <span class='ocrx_word' id='word_1_324' title='bbox 415 4644 455 4649; x_wconf 82' lang='grc'><strong>-,</strong></span> <span class='ocrx_word' id='word_1_325' title='bbox 683 4643 689 4646; x_wconf 98' lang='grc'>-</span> <span class='ocrx_word' id='word_1_326' title='bbox 734 4642 875 4648; x_wconf 67' lang='lat'>——-.-</span> <span class='ocrx_word' id='word_1_327' title='bbox 1004 4643 1205 4650; x_wconf 75' lang='grc'>..-.--...-</span> 
     </span>
    </p>
   </div>
   <div class='ocr_carea' id='block_1_6' title="bbox 237 4736 1211 4807">
    <p class='ocr_par' dir='ltr' id='par_1_6' title="bbox 237 4736 1211 4807">
     <span class='ocr_line' id='line_1_42' title="bbox 237 4736 1211 4807; baseline 0 -17"><span class='ocrx_word' id='word_1_328' title='bbox 237 4736 1211 4807; x_wconf 56' lang='grc' dir='ltr'><strong>’Μωωοηιιιιηοιαωῑηωωῑιωε</strong></span> 
     </span>
    </p>
   </div>
   <div class='ocr_carea' id='block_1_7' title="bbox 0 0 1614 5640">
    <p class='ocr_par' dir='ltr' id='par_1_7' title="bbox 0 0 1614 5640">
     <span class='ocr_line' id='line_1_43' title="bbox 0 0 1614 5640; baseline 0 0"><span class='ocrx_word' id='word_1_329' title='bbox 0 0 1614 5640; x_wconf 95' lang='lat' dir='ltr'><strong> </strong></span> 
     </span>
    </p>
   </div>
  </div>
 </body>
</html>
