3218 5640
652 775 899 827 OARTULARIUM
921 773 1130 828 MONAsTueu

656 1051 849 1117 DLXXIII.
873 1052 922 1118 De
944 1050 1122 1118 Petlmowe.

193 1213 316 1266 OfPeth-
397 1221 558 1277 Omnibus¹
572 1221 682 1278 Ohristi
702 1222 857 1278 fidelibus²
874 1223 911 1278 ed
925 1239 998 1292 quoe
1011 1239 1140 1293 praesens
1153 1221 1298 1292 seriptum
1311 1238 1417 1292 pervo-

194 1295 267 1332 save·

360 1307 445 1370 norit,
466 1305 639 1378 Redulphus
657 1307 736 1362 filius
756 1307 908 1378 Stephani,
929 1307 1055 1362 sulutem
1073 1307 1104 1360 in
1123 1305 1258 1360 Domino.

396 1390 590 1446 Universiteti
615 1398 721 1447 vestrm
742 1397 845 1447 notum
872 1391 936 1445 fieri
955 1391 1032 1453 volo,
1053 1390 1132 1462 qnod
1156 1408 1212 1461 ego
1238 1389 1417 1460 Redulphus

361 1475 440 1530 filius
467 1474 618 1546 Stephani,
647 1494 700 1546 per
726 1477 876 1531 visnetum
901 1477 980 1530 eirea
999 1474 1259 1544 Wynterburnem,
1281 1473 1418 1544 plenarie

360 1559 451 1614 didici
470 1559 548 1629 quod
565 1559 737 1615 Pethsewe'
757 1570 802 1615 est
820 1559 968 1631 pertinens
982 1559 1018 1613 erl
1037 1558 1192 1614 eeclesiam
1212 1557 1312 1612 Sancti
1332 1557 1418 1612 Petri

361 1642 562 1707 Gloueostriae,
592 1649 622 1698 et
647 1643 726 1715 quod
753 1643 818 1714 ipse
836 1642 1008 1700 Pethsuwe³
1026 1648 1073 1699 est
1097 1643 1191 1696 libere
1209 1647 1240 1696 et
1258 1642 1361 1711 quiete
1380 1641 1418 1695 do

361 1728 492 1798 seutegio
517 1734 547 1783 ot
575 1728 712 1799 hydngio‚
741 1729 818 1783 siout
843 1746 918 1798 puro
943 1731 973 1781 ot
998 1733 1140 1797 perpetue
1170 1726 1339 1780 elemosina.
1377 1725 1419 1780 Et

361 1810 432 1881 quie
461 1812 529 1867 nolo
559 1811 638 1882 quod
668 1817 766 1869 truetu
796 1812 936 1881 temporie
964 1809 1174 1867 monesterium
1201 1809 1301 1868 Sancti
1331 1809 1416 1865 Petri

361 1894 563 1961 Glouooetrim,
583 1896 632 1952 vel
650 1914 703 1966 per
721 1914 778 1961 me,
798 1896 846 1952 vel
865 1913 918 1966 per
935 1893 1067 1952 heoredes
1087 1892 1191 1958 meou,⁴
1210 1893 1241 1951 in
1261 1899 1418 1963 posterum

361 1998 450 2051 super
467 1979 539 2036 ville
556 1980 592 2034 de
611 1980 783 2039 Potheewe¹
801 1978 920 2050 aliquod
938 1978 975 2035 de
1001 1978 1134 2048 ooutegio
1152 1977 1201 2034 vel
1219 1977 1350 2049 hydugio
1368 1978 1418 2036 vel

360 2064 397 2119 de
415 2063 565 2119 oxeotiono
584 2063 684 2134 ulique
701 2064 830 2135 potietur
848 2079 1007 2135 gravamen
1025 2061 1072 2119 vel
1091 2061 1267 2125 molestiam,
1287 2062 1419 2120 oonoedo

359 2166 414 2219 pro
439 2147 535 2203 seluto
559 2147 664 2202 animm
688 2165 761 2202 meae
786 2152 817 2204 et
846 2164 899 2217 pro
924 2146 1019 2202 solute
1044 2145 1125 2215 regie
1149 2145 1273 2202 Honrioi
1304 2144 1419 2202 domini

360 2230 429 2296 moi,
449 2235 478 2287 et
495 2233 549 2302 pr'o
567 2230 663 2286 seluto
680 2231 781 2286 uxoris
797 2247 880 2294 moae,
901 2235 932 2286 et
948 2229 1079 2284 omnium
1096 2235 1252 2300 parentum
1269 2245 1417 2293 meorum,

360 2314 439 2386 quod
462 2315 525 2386 jem
555 2315 667 2370 dietum
697 2314 907 2369 monesterium
938 2331 991 2369 suo
1019 2313 1051 2370 in
1080 2318 1256 2383 perpetuum
1286 2313 1421 2383 gaudeat

359 2399 505 2455 libertate.

394 2483 432 2537 In
461 2483 546 2553 eujus
576 2483 620 2537 rei
651 2481 855 2538 testimoninm
884 2498 1014 2552 praesene
1039 2480 1183 2552 seriptum
1208 2480 1303 2551 sigilli
1332 2481 1418 2535 meir

361 2565 566 2637 [impressione
583 2566 752 2620 roboretum
771 2565 948 2620 confirmavi.

394 2650 464 2704 Hiis
483 2649 608 2704 testibus
627 2648 778 2705 Willelmo
802 2650 893 2704 fratre
912 2666 978 2704 meo
997 2653 1027 2705 et
1044 2647 1195 2706 Willolmo
1218 2652 1323 2719 nepote
1350 2667 1419 2703 meo

359 2732 509 2788 Willelmo
527 2731 563 2786 de
583 2731 707 2787 chamos
726 2738 756 2786 et
773 2728 886 2801 eliis.]⁶

778 3012 964 3079 DLXXIV.

396 3160 497 3217 Solent
514 3167 673 3233 praesenter
691 3167 721 3216 ot
738 3162 842 3226 futuri,
862 3160 942 3231 quod
959 3177 1015 3230 ogo
1040 3160 1216 3232 Redulphus
1242 3162 1323 3219 filius
1353 3163 1421 3220 Ste-

262 3264 268 3276 ·
360 3245 458 3319 phuni,
478 3265 531 3318 pro
549 3247 642 3303 seluto
661 3246 766 3302 enimae
787 3262 869 3310 mem,
891 3250 921 3301 et
938 3262 991 3314 pro
1009 3244 1107 3299 enimn
1124 3245 1237 3300 domini
1254 3246 1315 3301 mei
1333 3249 1420 3317 regin

361 3331 494 3398 Honrioi,
515 3330 648 3401 quietum
666 3329 790 3385 clemeri
809 3329 881 3393 Deo,
903 3333 932 3385 et
950 3327 1083 3383 oeoleeim
1103 3329 1204 3385 Sancti
1222 3330 1306 3385 Petri
1325 3331 1421 3390 Glou-

360 3415 482 3482 cestriae,
503 3414 670 3486 scutagium
693 3412 730 3468 do
755 3412 916 3475 Pethsewe‚
938 3411 980 3466 ite
1002 3411 1082 3482 quod
1100 3430 1168 3467 oum
1187 3415 1359 3484 scutagium
1379 3416 1419 3472 do

361 3499 414 3555 illo
429 3503 509 3560 terre
526 3504 557 3554 et
579 3497 695 3553 eniteris
719 3497 807 3553 terrie
831 3513 884 3566 por
910 3495 1050 3565 Angliem
1074 3503 1210 3552 exectum
1228 3498 1329 3564 fuerit,
1358 3519 1418 3570 ego

362 3589 503 3655 quantum
529 3581 567 3639 ed
593 3580 764 3653 praedictam
790 3584 900 3634 terrum
925 3577 1101 3649 pertinuerit
1130 3580 1167 3635 de
1191 3579 1347 3641 Pethuuwe
1380 3582 1419 3638 do

362 3665 490 3723 dominio
508 3683 574 3725 meo
592 3664 629 3722 de
647 3661 866 3734 Wynterburne
883 3661 1056 3731 persolvam.

398 3749 481 3821 Quod
500 3756 531 3809 ut
554 3755 650 3812 retum
675 3747 706 3801 in
732 3751 880 3817 portorum
898 3749 1075 3817 perseveret,
1100 3763 1231 3818 praeeone
1258 3748 1418 3820 seriptum,

361 3839 417 3890 eto.

364 4018 540 4025 ,..-.-.-.
546 4013 884 4023 ...—.-.---—---.-..-—--ss
891 4013 989 4019 ---—--
996 4014 1044 4019 ---⁴
1054 4015 1354 4026 --—-———..—.—.
1361 4021 1401 4028 .-

396 4141 402 4171 ¹
420 4137 537 4191 Another
548 4152 614 4203 copy
625 4137 656 4186 of
669 4135 719 4186 this
731 4135 830 4186 enarrer
841 4134 863 4184 is
944 4136 952 4164 ⁴
969 4135 1044 4200 meos]
1063 4136 1275 4190 Intremuere
1295 4147 1348 4193 two
1369 4143 1421 4192 last

360 4217 494 4270 eontuned
512 4216 540 4267 iu
561 4216 709 4268 Glouoeuter
729 4213 863 4264 Cathedml
911 4213 993 4264 letters
1005 4216 1035 4264 of
1042 4215 1091 4265 thie
1103 4219 1171 4267 word
1183 4233 1225 4267 are
1234 4219 1337 4273 written
1349 4238 1420 4287 upon

361 4297 480 4360 Regiutor
491 4295 522 4356 Β,
539 4294 604 4345 from
621 4293 707 4345 which
725 4292 769 4344 the
788 4291 864 4343 oollu-
911 4308 943 4345 uu
954 4307 1061 4346 erasure.

361 4375 416 4427 tion
427 4375 449 4424 ie
459 4375 569 4426 derived.
944 4371 1030 4437 luet]
1048 4373 1107 4433 mei,
1118 4379 1174 4435 ete,
1186 4374 1330 4442 cirtulary.

396 4454 407 4483 ²
426 4451 654 4518 Christifidelibue]
674 4451 744 4501 omit.
756 4450 819 4515 neg.
831 4449 862 4499 B.
944 4452 955 4479 ⁶
971 4450 1125 4515 impressione
1142 4489 1276 4508 ......
1294 4465 1320 4508 et
1341 4457 1417 4526 aliie]

396 4534 406 4563 ⁸
423 4530 563 4597 Pellimur]
583 4533 699 4595 Prurigo,
710 4530 774 4594 Reg.
786 4529 815 4578 B.
912 4529 1033 4593 Supplied
1043 4530 1108 4581 from
1120 4531 1184 4598 Reg.
1196 4533 1226 4584 B.
