3218 5640
376 793 442 858 242
614 882 619 895 ·
655 804 905 857 cuarmsarnu
927 805 1140 857 uosssrssn

668 1063 888 1197 DOOOXlII.
918 1127 1137 1197 (lloscesirdo.

211 1311 281 1364 AD.
295 1317 359 1362 1263
416 1310 516 1367 Sciant
548 1315 707 1382 prasentes
735 1315 765 1365 ct
798 1310 900 1374 futuri,
934 1309 1012 1381 quod
1042 1327 1095 1365 nos
1120 1303 1344 1380 R[eginaldus]‚
1372 1303 1432 1360 Dei

212 1384 305 1430 4284.

212 1457 300 1509 ofthe

211 1540 288 1577 same.

215 4220 308 4267 -1284,

218 4290 307 4346 oftte

215 4374 293 4412 same.

379 1395 476 1466 gratia
505 1394 594 1450 abbas
624 1400 655 1450 et
679 1399 848 1459 conventus,
880 1399 948 1458 etc,
971 1393 1170 1448 concessimus
1198 1396 1228 1447 et
1250 1388 1432 1447 tradidimus

379 1478 528 1535 Willelmo
546 1478 624 1534 dioto
643 1478 679 1533 de
698 1478 841 1544 (lewisio,
862 1478 944 1533 illam
964 1482 1074 1533 terram
1100 1494 1167 1533 curn
1186 1474 1310 1532 aedifloio
1329 1489 1432 1545 super·

379 1564 476 1635 posito
506 1581 571 1634 qutc
597 1563 678 1635 jacet
707 1580 743 1616 ex
773 1561 906 1634 opposito
937 1561 1069 1617 ecclesias
1102 1562 1202 1617 Beatoe
1229 1558 1335 1615 Marioe
1364 1562 1434 1612 aute

378 1654 494 1719 portam
511 1647 635 1702 abbatiae
650 1651 767 1711 nostrae,
789 1647 865 1701 inter
882 1652 991 1702 terram
1015 1652 1146 1701 nostram
1171 1650 1308 1716 exparte
1326 1661 1386 1697 nna
1403 1646 1435 1696 et

378 1736 489 1786 terram
508 1749 596 1801 quam
614 1730 762 1785 Heurious
781 1729 817 1785 de
831 1730 996 1785 Ledeburia
1014 1729 1050 1784 de
1068 1730 1153 1785 nobis
1172 1728 1319 1801 quondam
1336 1722 1435 1782 tenuit

378 1833 414 1871 ex
438 1816 546 1880 altera3
573 1813 737 1869 habendam
765 1820 795 1869 ot
821 1814 976 1869 tenendam
996 1813 1032 1868 de
1059 1813 1143 1869 nobis
1163 1819 1193 1869 et
1211 1809 1434 1869 successoribus

378 1899 487 1956 nostris
507 1899 563 1954 sibi
581 1904 612 1953 et
628 1897 794 1953 haeredibus
804 1899 877 1965 suis,
896 1897 999 1965 libere,
1019 1898 1128 1969 quiete,
1147 1897 1231 1963 bene,
1251 1896 1282 1951 in
1299 1911 1383 1967 paca,
1403 1893 1436 1948 in

379 1987 563 2055 perpetuum.

413 2065 572 2122 Reddendo
599 2064 667 2120 inde
704 2063 854 2121 annuatim
890 2062 973 2121 nobis
1004 2069 1034 2120 et
1065 2060 1284 2121 successoribus
1321 2058 1434 2119 nostris

378 2156 440 2207 tres
468 2149 575 2205 solidos
594 2147 709 2220 argenti
735 2148 772 2204 sd
800 2148 872 2204 duos
900 2149 970 2204 anni
994 2149 1146 2215 terminos,
1165 2147 1305 2204 videlicet
1323 2145 1436 2201 medie·

378 2241 470 2290 tatem
487 2233 518 2288 in
535 2234 610 2289 festo
623 2233 865 2289 Annnnciationis
887 2232 1059 2301 Dominicae,
1080 2240 1109 2289 et
1127 2232 1217 2289 aliam
1242 2231 1436 2287 medietatem

379 2318 411 2373 in
441 2318 515 2374 festo
547 2317 646 2373 Sancti
676 2316 840 2383 Michaelis,
872 2336 926 2388 pro
962 2318 1041 2372 omni
1074 2317 1195 2372 servitio
1231 2321 1261 2372 et
1297 2312 1438 2371 soeonlari

381 2400 523 2457 demanda
553 2401 590 2456 ad
618 2419 670 2457 nos
700 2401 767 2456 inde
798 2401 972 2474 pertinente,
1005 2400 1088 2458 salva
1116 2401 1201 2458 nobis
1232 2404 1313 2457 secta
1343 2398 1437 2454 ourioe

380 2494 488 2541 nostris
515 2485 551 2539 de
571 2484 755 2540 Gloucestria
773 2504 861 2556 quam
878 2485 941 2558 ipse
959 2492 990 2543 et
1007 2486 1138 2541 haeredes
1157 2486 1205 2541 sui
1222 2485 1308 2541 nobis
1327 2483 1439 2554 facient

382 2570 516 2641 quotiens
544 2587 608 2623 eam
634 2569 841 2625 tenuerimus'
870 2570 961 2624 Terra
995 2588 1066 2625 vero
1095 2569 1236 2641 praedicta
1264 2573 1439 2623 mensurata

382 2653 511 2708 continet
536 2653 566 2707 in
585 2654 678 2707 fronto
697 2660 824 2725 quatuor
842 2653 944 2724 virgas
972 2652 1082 2709 domini
1106 2653 1188 2724 regis
1213 2652 1344 2707 ulnsrias
1367 2669 1438 2705 cum

382 2738 537 2810 pollicibus
564 2737 746 2809 interpositis
774 2744 804 2793 et
839 2737 993 2792 dimidium
1024 2739 1206 2809 quarterium
1233 2754 1291 2791 uno
1327 2735 1438 2808 pollice

381 2822 496 2886 minus;
524 2827 602 2875 rotro
627 2821 756 2877 continet
783 2828 908 2893 quatuor
938 2821 1039 2893 virgas
1065 2820 1176 2875 domini
1203 2821 1285 2893 regis
1304 2818 1439 2874 ulnarins

382 2923 450 2960 oum
472 2904 628 2975 pollicibus
660 2905 844 2978 interpositis
869 2905 916 2960 et¹
946 2923 1037 2960 unum
1068 2903 1251 2975 quarterium
1281 2910 1313 2959 et
1342 2920 1440 2957 unum

381 2989 539 3060 pollicem;
568 2989 600 3043 in
626 2991 826 3059 profunditate
859 2990 986 3045 continet
1011 2989 1165 3044 duodecim
1195 2989 1296 3060 virgas
1325 2987 1440 3059 domini

381 3073 462 3144 regis
486 3073 614 3128 ulnerias
643 3091 709 3128 oum
729 3074 884 3146 pollicibus
906 3074 1086 3145 interpositis
1105 3077 1135 3127 et
1159 3078 1285 3143 quatuor
1303 3071 1441 3144 pollices.

382 3156 553 3213 AEdifioium
570 3164 669 3212 sutem
688 3176 776 3230 snper
794 3157 904 3213 dictam
921 3162 1029 3212 terram
1049 3157 1265 3229 superpositum
1284 3173 1338 3227 per
1356 3156 1441 3211 viros

381 3242 492 3314 legales
523 3241 560 3296 ad
589 3241 719 3297 valorem
744 3243 832 3298 unius
857 3260 964 3297 maroae
989 3247 1120 3314 tempore
1150 3241 1240 3311 hujus
1266 3240 1440 3296 traditionis

382 3327 439 3383 fnit
457 3326 662 3398 appretiatum.
701 3326 785 3396 Quod
812 3327 838 3383 si
865 3327 1015 3397 contingat
1042 3326 1153 3381 dictum
1172 3323 1360 3383 Willelmum
1385 3342 1442 3380 scu

381 3411 512 3467 haeredes
532 3429 600 3466 suos
618 3411 728 3466 dictam
746 3418 856 3467 terram
874 3411 957 3466 nobis
983 3409 1160 3480 relinquere,
1182 3409 1278 3464 simile
1306 3407 1442 3480 pretium

381 3495 428 3551 vel
448 3496 542 3566 majus
561 3495 644 3550 nobis
663 3495 827 3551 restituent.
866 3496 949 3551 Idem
968 3513 1039 3551 vero
1050 3494 1219 3551 Willelmus
1233 3493 1442 3566 juramentum

381 3579 465 3635 nobis
484 3579 630 3651 praestitit,
651 3586 706 3635 etc.
745 3579 875 3635 Eandem
895 3575 1093 3644 securitatem,
1114 3584 1169 3634 etc.

417 3664 455 3719 ln
471 3662 556 3734 eujus
575 3663 619 3718 roi
638 3665 851 3721 testimonium.
890 3664 983 3736 Cujus
1001 3681 1091 3720 unam
1107 3669 1232 3734 partem,
1252 3668 1308 3719 etc.

678 3970 893 4040 DoooxIv.
919 3969 1140 4040 stomacus.

200 4146 285 4212 ΑΙ).
299 4155 363 4201 1263
420 4145 521 4202 Sciant
537 4152 697 4218 presentes
715 4154 746 4204 et
764 4147 866 4214 futuri,
887 4147 965 4220 quod
989 4166 1044 4221 ogo
1063 4146 1164 4219 Agnes
1188 4142 1250 4201 filia
1266 4142 1353 4200 Petri
1371 4143 1446 4199 bur-

385 4231 484 4300 gensis
504 4229 705 4298 Gloueestriae,
719 4231 823 4287 relicta
835 4231 957 4287 Roberti
976 4230 1051 4287 (lroo
1069 4229 1106 4285 de
1125 4229 1283 4292 Killecote,
1303 4227 1335 4283 in
1353 4227 1446 4299 plena

384 4321 527 4386 potestate
552 4335 627 4385 mea,
647 4323 678 4373 et
701 4317 775 4390 ligia
800 4318 943 4373 viduitate
970 4334 1045 4381 mea,
1073 4314 1151 4381 dedi,
1175 4312 1316 4377 concessi,
1336 4318 1369 4368 et
1385 4313 1445 4370 huo

383 4406 527 4469 praesente
539 4409 620 4459 carta
631 4401 715 4458 mea²
726 4402 823 4474 quiete
837 4401 973 4468 clamavi,
988 4419 1041 4474 pro
1059 4418 1106 4455 me
1119 4404 1149 4455 et
1166 4397 1335 4454 hteredibns
1353 4397 1444 4463 meis,·

383 4485 457 4542 viris
474 4488 624 4560 religiosis
650 4488 767 4544 domino
793 4486 970 4560 Reginaldo‚
990 4486 1089 4543 abbati
1113 4492 1145 4542 et
1162 4481 1318 4542 conventui
1338 4480 1447 4540 Sancti

416 4729 424 4759 ¹
443 4729 477 4795 et]
498 4728 633 4783 interlined
643 4731 672 4782 in
684 4731 741 4783 MS.
929 4730 986 4784 MS.
998 4731 1084 4783 before
1095 4730 1181 4796 quieto,
1191 4728 1239 4782 bnt
1248 4726 1313 4780 alth
1323 4724 1370 4780 tlte
1381 4727 1444 4795 sign

416 4809 586 4873 'mastrucae'
610 4811 631 4861 is
656 4811 765 4863 inmoed
787 4809 815 4863 in
842 4809 886 4864 the
931 4811 963 4863 of
975 4826 1084 4864 mure
