3218 5640
364 766 427 834 160
651 779 898 833 annuutiamus
919 781 1128 835 nouasraau

704 1080 855 1149 DCXCI.
880 1082 927 1147 Dc
950 1082 1068 1149 eodem.

195 1264 351 1323 A,1),1102,
400 1253 502 1308 Helias
522 1252 678 1316 (litardus,
693 1254 826 1308 omuibus
845 1254 1011 1308 homiuibus
1031 1253 1092 1308 suis
1112 1258 1141 1307 ct
1158 1254 1269 1317 amicis,
1289 1253 1417 1311 Francis

195 1332 259 1397 July
273 1337 311 1384 ¹⁰·
365 1344 395 1393 et
413 1337 529 1408 singlis,
550 1344 580 1391 ct
598 1337 732 1393 omuibus
752 1337 866 1392 Sanctus
886 1337 941 1392 Dei
960 1338 1101 1393 Ecclesia}
1120 1339 1200 1401 filiis,
1221 1339 1356 1395 salutem.

197 1415 236 1464 Ol
243 1415 287 1465 the

193 1497 269 1535 sama

402 1421 507 1477 Sciatis
526 1440 573 1476 me
598 1423 776 1477 concessisse
795 1423 920 1476 donnum
939 1428 969 1478 et
986 1423 1073 1477 matri
1094 1441 1167 1478 meae
1185 1423 1282 1477 Bertoe
1301 1423 1411 1478 medie-

365 1512 454 1560 tatem
477 1505 567 1560 totius
594 1507 716 1560 manerii
735 1506 771 1560 de
789 1505 968 1576 Ullingwike
995 1507 1144 1577 maritagii
1170 1507 1226 1570 sui,
1246 1506 1411 1562 donandum

364 1590 495 1646 ccclesiae
520 1590 620 1646 Sancti
639 1591 729 1653 Petri,
748 1596 778 1645 et
795 1590 952 1644 Hameliuo
976 1591 1073 1646 abbati
1091 1597 1121 1646 et
1145 1592 1300 1646 conventui
1320 1591 1411 1646 Glou-

363 1676 487 1740 cestria,
526 1676 555 1730 iu
591 1681 763 1747 perpetuam
798 1676 995 1740 elemosinam,
1035 1676 1170 1741 solutam,
1208 1676 1343 1740 liberam,
1382 1684 1413 1731 et

363 1761 493 1833 quietam
511 1760 547 1814 ab
566 1760 699 1815 omnibus
719 1759 859 1823 servitiis,
880 1765 910 1814 et
927 1758 1197 1824 consuetudinibus,
1218 1767 1249 1815 et
1265 1761 1410 1831 tallagiis,

363 1850 393 1899 ct
421 1844 628 1909 exactionibus,
657 1850 687 1899 et
712 1844 823 1908 assisia,
852 1850 972 1915 excepta
1000 1845 1121 1899 servitio
1149 1844 1264 1898 dimidii
1290 1845 1409 1908 militis,

362 1937 422 1983 tam
449 1931 480 1983 in
506 1928 633 1983 dominio
661 1946 748 2000 quam
773 1929 804 1982 in
830 1929 997 2000 villenagio,
1028 1929 1057 1982 in
1084 1929 1172 1984 bosco
1198 1934 1228 1983 et
1252 1929 1349 2000 plano,
1379 1931 1411 1984 in

361 2015 453 2085 pratis
472 2018 502 2067 et
519 2014 656 2085 pasturis,
678 2018 706 2067 et
724 2012 857 2068 omnibus
877 2013 943 2068 aliis
961 2014 1059 2078 rebus,
1080 2031 1147 2067 cum
1166 2014 1301 2067 omnibus
1321 2013 1412 2068 liber·

361 2098 471 2152 tatibus
502 2096 597 2151 eidem
626 2098 756 2152 manerio
787 2098 1013 2169 pertinentibus,
1044 2105 1152 2169 praeter
1188 2097 1344 2152 ecclesiam
1381 2105 1412 2153 et

361 2182 523 2252 virgultum
554 2187 583 2237 ct
612 2188 742 2237 veterem
772 2182 902 2246 curium3
938 2182 981 2236 ita
1010 2186 1106 2236 tamen
1138 2181 1216 2252 quod
1246 2182 1410 2238 secundum

361 2267 553 2338 quantitatem
571 2265 737 2320 medietatis
765 2266 856 2320 curiae
881 2272 911 2321 et
927 2266 1053 2336 virgulti
1077 2265 1152 2321 dabo
1176 2266 1203 2321 ei
1229 2267 1410 2322 escambium

360 2352 392 2405 in
417 2359 496 2406 terra
520 2349 641 2404 arabili¹
668 2349 789 2405 alterius
815 2350 992 2404 medietatis.
1031 2351 1101 2421 Ipsa
1125 2367 1205 2415 voro,
1231 2367 1285 2421 pro
1314 2351 1411 2405 salute

361 2435 464 2489 animas
483 2452 544 2490 susc
562 2439 592 2488 ct
611 2451 693 2497 mesa,
714 2441 743 2487 et
770 2434 862 2505 patris
888 2434 956 2498 mei,
977 2438 1007 2487 ct
1035 2434 1165 2488 omnium
1191 2439 1411 2489 antecessorum

360 2527 390 2575 et
408 2525 561 2590 parentum
584 2523 760 2581 nostrorum,
780 2518 905 2572 maxime
923 2535 993 2572 vero
1010 2519 1102 2589 patris
1130 2523 1160 2572 et
1177 2518 1279 2572 matris
1299 2536 1372 2584 suoe,
1393 2537 1411 2574 a

361 2605 467 2676 quibus
497 2603 575 2657 idem
605 2602 768 2657 manerium
805 2602 906 2657 datum
942 2602 999 2657 fuit
1034 2602 1064 2656 in
1100 2603 1329 2667 matrimonium,
1362 2621 1411 2658 me

360 2694 503 2760 praesento
531 2692 560 2741 et
586 2686 617 2740 in
643 2688 696 2742 hoc
724 2688 751 2740 ei
777 2692 838 2742 tam
865 2686 955 2741 verbo
983 2704 1070 2758 quam
1097 2688 1173 2741 facto
1200 2704 1233 2741 aa
1259 2688 1411 2743 voluntate

361 2791 512 2830 assensum
538 2773 696 2844 prebente,
717 2771 798 2827 dedit
821 2779 914 2827 semet
940 2773 1043 2844 ipsam,
1064 2778 1093 2827 et
1120 2778 1210 2827 totam
1238 2773 1411 2844 praedictam

361 2858 547 2912 medietatem
578 2857 709 2912 ecclesiae
741 2857 840 2912 Sancti
871 2857 963 2921 Petri,
995 2857 1026 2911 in
1061 2857 1139 2911 hunc
1169 2856 1297 2922 modum,
1330 2859 1410 2929 qnod

361 2942 482 2998 eandem
500 2959 567 2997 cum
586 2940 644 2995 alia
661 2942 818 2996 medietate
846 2941 958 2996 tenebit
975 2947 1036 2996 tota
1062 2942 1124 2996 vita
1142 2959 1203 3005 sua,
1224 2941 1249 2996 si
1268 2941 1409 2997 voluerit.

361 3028 433 3082 Post
451 3026 603 3080 decessum
622 3031 719 3080 autem
736 3025 839 3096 ipsius,
859 3043 919 3079 una
936 3025 1076 3079 medietas
1095 3025 1177 3089 mihi,
1198 3032 1228 3080 et
1245 3025 1312 3090 alia,
1332 3027 1412 3082 sicut

361 3111 473 3165 dictum
501 3116 554 3174 est,
584 3110 715 3164 ecclesiae
735 3108 833 3163 Sancti
852 3109 934 3164 Petri
954 3108 1154 3173 Glaucestrn'ae,
1175 3110 1205 3163 in
1232 3116 1411 3181 perpetuum

360 3194 533 3250 remanebit.
572 3193 657 3248 Hanc
685 3193 869 3248 donationem
895 3198 955 3248 tam
981 3193 1046 3264 ipsa
1071 3211 1159 3264 quam
1186 3211 1242 3263 ega
1267 3195 1350 3264 prius
1380 3196 1412 3249 in

362 3279 490 3351 capitulo
518 3278 650 3333 fecimus.
690 3278 728 3332 Et
752 3294 807 3348 ego
831 3276 941 3331 ibidem
964 3277 1052 3348 hujus
1080 3278 1123 3331 rei
1149 3278 1245 3348 gratia
1263 3296 1356 3333 unum
1375 3297 1411 3333 ex

361 3365 436 3419 dono
454 3363 577 3428 abbatis,
598 3362 688 3417 alium
707 3380 742 3416 ex
760 3362 834 3416 dono
853 3362 977 3416 dominae
997 3366 1027 3416 et
1043 3362 1146 3417 matris
1165 3379 1246 3427 meae,
1267 3364 1411 3418 annulum

361 3466 481 3504 aureum
500 3448 608 3519 accepi.
643 3446 755 3501 Deinde
772 3463 860 3518 super
879 3446 971 3500 altare
985 3446 1085 3501 Sancti
1098 3448 1178 3502 Petri
1197 3465 1286 3501 mauu
1298 3455 1409 3513 nostra,

359 3539 503 3606 presente
522 3537 666 3588 conventu
691 3536 720 3583 ct
753 3530 856 3585 multis
875 3530 950 3594 aliis,
971 3537 1161 3586 memoratam
1178 3537 1288 3586 terram
1315 3533 1412 3587 solen·

359 3618 436 3672 niter
472 3617 643 3680 obtulimus,
681 3632 755 3668 anno
786 3615 821 3668 ab
858 3614 1060 3669 Incarnationa
1097 3615 1215 3670 Domini
1250 3616 1411 3672 millesimo

361 3701 519 3757 centesimo
538 3699 721 3770 sexagesimo
740 3697 877 3762 secundo,
898 3703 978 3753 sexto
997 3698 1063 3753 idus
1083 3698 1166 3753 Julii.

397 3785 481 3856 Quod
499 3785 568 3857 quia
586 3783 690 3841 stabile
709 3782 776 3839 volo
794 3800 869 3850 esse,
890 3789 944 3838 eta.

695 4050 863 4118 DOXOII.
893 4051 937 4115 Dc
960 4050 1077 4117 coelem.

194 4243 261 4297 Μ).
277 4250 347 4297 1251.
398 4238 470 4295 Haec
507 4245 553 4295 est
582 4238 677 4292 finalis
708 4235 871 4301 concordia,
899 4237 975 4291 sacta
1005 4237 1035 4290 in
1078 4237 1159 4292 curia
1189 4237 1300 4292 domini
1331 4241 1413 4310 regis

194 4322 282 4374 Olthe

193 4405 268 4442 same.

363 4324 439 4394 apud
470 4321 694 4385 Glaucestriam,
721 4341 739 4376 a
764 4321 811 4375 die
841 4319 962 4376 Paschae
987 4321 1018 4375 iu
1048 4339 1139 4375 unum
1168 4338 1308 4386 mensem,
1336 4341 1413 4379 anno

363 4407 448 4476 regni
466 4407 547 4477 regis
566 4406 700 4462 Heuricii
719 4404 773 4459 filii
791 4405 872 4475 regis
892 4404 1033 4460 Johannis
1053 4405 1280 4476 quadragesimo
1299 4408 1411 4477 quinto,

419 4559 688 4566 -.---—----—-.-.
1050 4560 1054 4563 v
1115 4559 1328 4565 ——.....-...-..

397 4655 403 4683 ¹
421 4651 484 4702 dato
495 4654 518 4701 ei
535 4654 557 4702 is
578 4653 686 4703 inserted
704 4652 730 4701 iu
749 4653 792 4702 the
815 4650 871 4701 MS.
884 4651 968 4702 before
980 4651 1088 4712 allerias,
1108 4654 1153 4703 but
1173 4653 1233 4704 with
1253 4654 1296 4703 the
1312 4655 1369 4719 sign
1388 4657 1419 4708 of

362 4746 467 4783 erasm.
