3218 5640
362 767 402 827 10
643 779 891 830 Charandama
915 779 1123 830 MONASTERII

357 951 460 1008 licebit
477 951 624 1008 canonicis
652 951 709 1022 [id]
729 953 827 1025 ipsum
845 952 986 1024 recipere.
1026 949 1170 1007 Similiter
1188 949 1215 1005 si
1238 947 1347 1019 aliquis
1372 947 1409 1002 de

358 1037 543 1106 parochianis
582 1037 787 1094 canonicorum
822 1038 993 1094 Lanthoniae
1031 1036 1063 1091 in
1098 1034 1170 1091 villa
1208 1032 1411 1098 Gloucestria,

359 1121 473 1178 scilicet
503 1122 634 1178 eoclesiae
667 1123 767 1178 Beatai
799 1122 902 1178 Mariae
933 1122 1011 1177 infra
1046 1125 1161 1192 portam
1184 1118 1353 1182 australem,
1383 1121 1415 1173 et

360 1203 460 1261 Sancti
486 1205 621 1261 Andoeni
647 1212 730 1262 extra
756 1225 855 1262 muros
882 1205 1020 1270 civitatis,
1040 1203 1118 1276 apud
1144 1202 1299 1260 ecclesiam
1327 1200 1415 1258 Beati

360 1288 453 1355 Petri,
484 1289 597 1346 duobus
621 1291 669 1346 vel
699 1291 794 1346 tribus
818 1291 1022 1362 praesentibus,
1048 1290 1079 1344 in
1109 1294 1239 1343 extrema
1261 1285 1413 1342 voluntate

360 1374 541 1445 sepulturam
565 1375 698 1445 elegerit,
718 1375 852 1431 monachi
877 1375 931 1430 hoc
955 1375 1053 1445 ipsum
1077 1372 1222 1429 canonisis
1242 1369 1414 1428 Iaanthonioe

360 1457 585 1524 denuneiabunt,
606 1465 636 1515 et
656 1459 698 1514 ita
718 1459 810 1514 libere
835 1467 865 1515 et
888 1458 1008 1530 pacifice
1026 1458 1128 1513 licebit
1146 1456 1297 1512 monaehis
1314 1456 1414 1526 ipsum

359 1545 499 1614 recipere.
549 1544 597 1599 Ita
626 1543 745 1614 quidem
770 1544 848 1616 quod
872 1545 898 1599 si
923 1543 970 1600 vel
993 1542 1150 1598 monachos
1180 1541 1229 1597 vel
1260 1540 1414 1597 canonicos

359 1628 391 1683 in
414 1627 467 1682 tali
491 1627 633 1684 electione
667 1629 825 1698 eontigerit
848 1645 912 1684 esso
936 1634 1106 1699 praesentes,
1140 1626 1251 1682 intuitu
1281 1623 1415 1682 caritatis

359 1713 518 1783 eligentem
541 1713 701 1769 monebunt
723 1720 757 1768 ut
781 1713 936 1769 eeclesiam
960 1731 977 1767 a
1001 1731 1059 1784 qua
1081 1711 1203 1778 recedit,
1229 1710 1292 1768 sive
1314 1727 1415 1766 mona·

359 1797 481 1851 chorum
505 1797 568 1854 sive
592 1798 806 1862 canonicorum,
831 1797 863 1852 in
887 1797 986 1867 aliquo
1010 1796 1151 1851 beneficio
1174 1795 1323 1867 respiciat.
1368 1792 1414 1848 De

359 1881 471 1953 capella
490 1888 588 1937 autem
606 1882 718 1938 castelli
744 1883 880 1937 convenit
903 1883 981 1935 inter
1005 1897 1064 1946 eos,
1091 1879 1170 1952 quod
1194 1881 1220 1935 si
1244 1879 1352 1950 aliquis
1376 1877 1414 1933 de

359 1966 480 2036 castello
498 1984 586 2037 penes
610 1967 751 2022 Sanctum
770 1968 891 2021 Petrum
910 1965 1092 2037 sepulturam
1111 1965 1168 2021 sibi
1185 1965 1297 2035 eligere
1314 1963 1414 2019 voluc-

358 2051 408 2116 rit,
422 2052 556 2106 monaehi
568 2069 636 2106 eum
647 2052 740 2106 libere
752 2052 911 2122 recipiant3
932 2050 1068 2106 similiter
1081 2050 1106 2107 si
1118 2066 1207 2121 penes
1219 2049 1414 2105 Lanthoniam

359 2135 479 2205 sepeliri
503 2135 640 2199 voluerit,
666 2135 796 2191 canonici
822 2152 890 2189 oum
912 2134 1005 2189 libere
1029 2134 1182 2205 recipiant,
1208 2133 1298 2190 nullis
1321 2131 1412 2204 privi-

358 2219 447 2292 legiis
467 2220 516 2276 vel
537 2220 604 2275 aliis
622 2220 746 2290 ⁴seriptis
771 2220 840 2275 hinc
864 2219 933 2274 inde
956 2219 1123 2290 impetratis
1146 2218 1194 2275 vel
1219 2215 1413 2290 impetrandis

358 2304 429 2361 hnic
446 2304 594 2360 amicabili
613 2304 817 2376 compositioni
834 2305 867 2358 in
883 2310 1034 2375 posterum
1051 2303 1322 2376 praejudicantibus.

395 2389 480 2458 Quod
511 2395 546 2444 ut
575 2395 673 2445 ratum
705 2394 735 2445 et
758 2390 961 2445 inconvulsum
992 2390 1024 2444 in
1054 2394 1197 2444 {aternum
1232 2391 1412 2459 permaneat,

359 2474 468 2544 sigillis
493 2473 648 2545 utriusque
667 2474 809 2540 ecelesia,
829 2473 925 2530 diviso
949 2474 1026 2530 inter
1050 2491 1100 2530 eos
1124 2473 1318 2546 cyrographo,
1343 2472 1414 2528 hinc

358 2557 428 2613 inde
446 2558 649 2613 confirmatum
667 2564 720 2613 est.

395 2642 458 2698 Nos
476 2643 576 2714 itaque
594 2643 663 2698 hnic
681 2643 758 2698 inter
776 2659 825 2698 cos
845 2644 930 2699 facta
948 2642 1161 2715 compositioni,
1175 2648 1206 2699 et
1221 2643 1256 2698 ab
1277 2642 1413 2714 episcopo

360 2726 533 2799 dyoecesano
558 2727 743 2793 confirmata,
764 2728 947 2784 auctoritatis
970 2734 1079 2784 nostra
1096 2729 1187 2784 robur
1209 2735 1351 2799 praestare
1364 2745 1414 2782 vo·

359 2814 462 2879 lentes,
484 2817 587 2884 ipsam,
606 2821 693 2885 prout
710 2815 923 2870 rationabiliter
946 2815 1025 2870 faeta
1045 2820 1091 2870 est
1113 2820 1148 2869 ut
1170 2819 1252 2874 tanto
1272 2813 1414 2884 majorem

361 2899 490 2954 obtineat
513 2898 690 2964 firmitatem,
717 2898 852 2955 duximus
877 2899 1031 2970 praesentis
1055 2898 1158 2969 scripti
1177 2898 1365 2956 attestatione
1384 2902 1415 2953 et

362 2983 455 3054 sigilli
473 2983 566 3040 nostri
584 2983 766 3056 appositione
783 2984 964 3042 communire
982 2989 1013 3040 et
1030 2983 1228 3040 corroborare.

487 3277 762 3348 ccccxxxix.
788 3282 836 3348 Dc
863 3282 1004 3370 l'rcypcf
1026 3290 1055 3348 ct
1082 3282 1299 3350 Levitervca.

194 3489 263 3541 gn,
278 3494 340 3539 1139
397 3462 544 3518 Robertus
563 3463 644 3534 regis
668 3464 749 3519 filius
777 3462 970 3520 Glouoestriai
995 3463 1106 3532 consul,
1131 3465 1274 3522 Wthredo
1299 3464 1413 3522 Lenda.

194 3562 285 3606 4149.

195 3638 301 3690 ornis-

361 3548 445 3603 vensi
463 3547 608 3620 episcopo,
627 3555 657 3603 et
672 3548 801 3603 Roberto
817 3547 906 3604 Norr’
919 3547 1085 3604 vicecomiti
1102 3548 1139 3603 de
1152 3548 1371 3621 Glarnmorgan,
1385 3557 1416 3606 et

362 3633 496 3689 omnibus
512 3632 671 3688 baronibus
698 3633 760 3689 suis
786 3638 816 3688 et
840 3632 943 3689 amieis
968 3640 998 3688 et
1025 3632 1160 3689 fidelibus
1184 3640 1216 3690 et
1238 3633 1360 3692 Francis
1384 3641 1415 3691 et

195 3705 267 3756 dim
278 3706 339 3756 'stt‘
362 3718 468 3790 Anglis
486 3725 517 3774 et
533 3718 729 3784 walensibus,
748 3717 882 3774 salutem.

193 3788 241 3838 goz
253 3775 304 3823 and

194 3840 314 3892 Llanear·

192 3921 250 3961 VRB-

399 3803 505 3859 Sciatis
524 3821 581 3870 me,
600 3822 654 3876 pro
673 3803 768 3860 salute
786 3804 891 3858 animm
917 3820 999 3868 meae,
1019 3808 1050 3859 et
1067 3800 1225 3874 M[abiliae]
1244 3804 1413 3873 comitissae,

362 3894 393 3945 et
409 3895 626 3945 antecessorum
638 3895 669 3945 et
680 3906 881 3945 suceessorum
898 3905 1040 3954 meorum,
1054 3889 1171 3945 dedisse
1183 3895 1214 3944 et
1224 3890 1413 3958 concessisse,

362 3974 473 4030 etheo
500 3973 639 4046 prasenti
668 3980 751 4030 carta
780 3974 975 4039 confirmasse,
1002 3974 1034 4029 in
1058 3991 1163 4045 puram
1187 3980 1218 4030 et
1243 3981 1416 4047 perpetuam

362 4058 560 4124 elemosinam,
587 4059 719 4115 eeclesia
757 4058 857 4114 Sancti
893 4058 975 4114 Petri
1011 4057 1213 4124 Gloncestriai,
1251 4060 1349 4116 abbati
1385 4066 1416 4117 et

362 4143 511 4199 monachis
538 4142 670 4213 ejusdem
698 4143 766 4208 loci,
798 4143 901 4199 villam
937 4142 974 4197 de
1004 4142 1128 4215 Treigol
1160 4161 1227 4199 cnm
1263 4150 1343 4201 terra
1378 4146 1416 4202 de

362 4227 501 4283 Pennnne
518 4233 550 4283 et
566 4228 699 4283 omnibus
717 4228 784 4283 aliis
802 4226 989 4299 pertinentiis
1008 4227 1086 4295 suis3
1112 4227 1250 4285 similiter
1274 4237 1305 4286 ct
1322 4229 1414 4286 ecole-

362 4313 437 4368 siam
462 4313 498 4367 de
524 4311 696 4367 Lankarvan
715 4330 782 4367 cum
807 4311 943 4368 omnibus
968 4312 1056 4368 terris
1083 4318 1113 4368 et
1138 4313 1260 4369 decimis
1288 4313 1325 4369 ad
1350 4331 1415 4370 eam

361 4397 586 4469 pertinentibus,
607 4398 650 4453 ita
667 4398 759 4453 libere
778 4402 808 4452 et
826 4397 925 4468 quiete
943 4403 978 4452 ut
995 4397 1067 4452 mihi
1085 4397 1133 4453 vel
1157 4398 1321 4455 haeredibus
1340 4399 1415 4456 meis

361 4483 436 4539 nihil
453 4498 613 4548 reservem,
627 4481 684 4537 nisi
702 4487 815 4536 tantum
827 4482 992 4537 orationum
1009 4482 1185 4539 devotiones.
1232 4483 1308 4540 Volo
1326 4485 1416 4540 etiam

362 4574 393 4623 et
421 4567 560 4638 precipio
590 4565 668 4637 quod
698 4566 769 4621 dicti
799 4566 888 4621 abbas
918 4573 949 4622 et
974 4573 1131 4623 conventus
1159 4567 1252 4639 quieti
1278 4568 1338 4624 sint
1363 4584 1417 4639 per

362 4659 454 4709 totam
472 4659 581 4708 terram
599 4669 695 4708 meam
713 4669 732 4706 a
749 4650 884 4708 theloneo
903 4652 1044 4724 quioquid
1062 4653 1188 4708 emerint
1211 4652 1268 4724 ipsi
1286 4653 1334 4709 vel
1353 4670 1413 4710 scr·

362 4739 474 4795 vientes
493 4738 540 4796 ani
558 4738 595 4794 de
613 4737 696 4795 ouria
713 4754 767 4794 sua
785 4736 822 4793 ad
840 4754 913 4808 opus
931 4753 1040 4793 eorum.
1080 4736 1225 4794 Similiter
1235 4741 1267 4793 et
1277 4737 1418 4796 confirmo
