3218 5640
365 794 408 859 94
618 879 625 890 .
656 805 905 856 clarmaamn
925 804 1137 854 normann

399 979 476 1048 Quia
492 979 774 1051 controversiaque
798 980 875 1034 inter
894 978 1102 1033 monasterium
1120 977 1206 1031 Beati
1223 976 1306 1032 Petri
1324 974 1416 1030 Glon·

363 1065 478 1118 ωεῖτίω
496 1071 527 1119 et
544 1064 719 1136 hospitalem
743 1063 862 1119 domum
884 1063 903 1118 J
905 1063 1160 1118 erosolomitanam
1177 1079 1267 1132 super
1290 1060 1417 1114 ecclesia

363 1146 545 1214 Quenintone
574 1149 753 1211 vertebatur,
785 1147 934 1202 amicabili
963 1146 1173 1218 compositione
1202 1143 1416 1200 interveniente

363 1231 459 1302 sopita
476 1239 530 1296 est,
550 1250 586 1286 ne
605 1232 779 1287 succedente
801 1240 933 1304 tompore
960 1233 991 1286 in
1010 1231 1134 1285 dubium
1151 1229 1284 1285 revocari
1308 1228 1415 1300 possit,

362 1334 414 1369 nos
433 1333 497 1370 eam
516 1317 627 1387 scripto
644 1324 744 1371 nostro
762 1316 962 1388 inposterum¹
984 1317 1119 1370 notitiam
1146 1314 1290 1369 deducere
1315 1313 1416 1366 decre-

362 1405 468 1467 vimus,
489 1422 554 1459 eam
578 1413 672 1459 ratam
690 1406 830 1460 habentes
848 1413 879 1460 et
905 1404 999 1475 sigilli
1019 1404 1113 1458 nostri
1132 1402 1293 1458 munimine
1311 1400 1416 1456 confir·

362 1494 483 1553 mantes,
503 1491 581 1545 sicut
605 1496 686 1544 carta
708 1489 886 1544 venerabilis
912 1489 1012 1543 lintris
1039 1489 1133 1543 nostri
1158 1487 1287 1560 episcopi
1307 1486 1415 1557 Cyces·

361 1571 468 1628 trensis
486 1572 518 1627 in
533 1572 690 1645 praesentia
700 1572 794 1644 ipsius
807 1573 936 1645 episcopi
949 1573 1188 1645 compositionem
1206 1572 1288 1626 illam
1306 1569 1415 1625 iactam

361 1674 427 1712 esse
444 1663 578 1713 testatur.
614 1657 727 1712 Valete.

677 1924 865 1991 DLXXIX
912 1924 961 1990 De
983 1922 1100 1990 eodem.

195 2091 264 2144 ab.
278 2100 350 2158 1261,
397 2085 551 2140 Universis
570 2083 683 2141 christi
706 2082 842 2140 fidelibus
860 2091 1020 2156 presentes
1039 2082 1153 2159 litteras
1171 2082 1349 2154 inspecturis
1367 2080 1416 2136 rel

195 2159 255 2210 Jssss·
269 2168 307 2214 ¹⁴·
362 2169 517 2233 audituris,
531 2167 733 2238 W[alterus],²
742 2168 841 2223 divina
853 2168 1040 2222 miseratione
1049 2166 1272 2239 Wygomiensis
1282 2164 1416 2220 ecclesiae

195 2238 283 2291 ΟΜΝ
362 2251 497 2309 minister
515 2253 646 2317 humilis,
667 2252 793 2308 salutem
812 2251 842 2306 in
860 2251 987 2306 Domino
1005 2251 1222 2322 sempiternam.

193 2325 269 2362 nme.

397 2336 473 2392 Cum
504 2336 580 2393 inter
606 2338 686 2392 riros
711 2336 866 2406 religiosos
894 2335 1028 2390 abbatem
1053 2342 1084 2390 et
1112 2341 1287 2391 conventum
1314 2329 1416 2389 Sancti

362 2417 443 2475 Petri
462 2420 653 2476 Glaucestriaa
672 2428 785 2476 actores
804 2438 840 2475 ex
866 2426 949 2490 parte
967 2437 1034 2482 una,
1055 2425 1086 2474 et
1112 2420 1224 2489 priores
1250 2425 1281 2473 et
1307 2417 1416 2472 iratres

361 2503 527 2577 Hospitalis
558 2504 797 2560 Jerosolomitaui
823 2506 854 2558 in
883 2503 995 2574 Anglia
1023 2520 1089 2557 roos
1122 2521 1157 2558 ex
1184 2503 1286 2566 altera,
1324 2518 1417 2574 snper

360 2588 531 2659 spoliatione
567 2588 691 2643 duarum
726 2604 892 2642 marearum
928 2605 1030 2641 annuae
1060 2585 1207 2657 pensionis
1238 2601 1311 2657 quas
1341 2585 1416 2641 dieti

359 2672 448 2726 abbas
467 2681 497 2727 et
520 2679 679 2727 conventus
699 2690 716 2727 a
734 2671 883 2742 praedietis
910 2670 1110 2741 hospitalariis
1135 2670 1252 2725 nomine
1279 2669 1415 2725 ecclesiae

359 2754 395 2809 dc
432 2754 614 2824 Quenintonc
651 2756 744 2811 solere
780 2755 932 2827 percipere
968 2754 1176 2826 proponebant,
1209 2760 1273 2808 orta
1308 2752 1417 2809 fuisset

358 2839 482 2892 materia
512 2839 691 2909 quaestionis,
723 2845 753 2893 et
788 2844 992 2910 procuratores
1022 2837 1152 2909 partium
1189 2837 1346 2908 specialem
1377 2837 1416 2892 ad

358 2921 413 2976 hoc
442 2921 584 2978 habentes
614 2929 799 2993 potestatem,
831 2928 897 2993 post
927 2922 1025 2976 varios
1059 2922 1134 2975 inter
1165 2921 1284 2976 easdem
1314 2939 1415 2977 coram

359 3004 484 3060 diversis
498 3006 648 3077 judicibus
667 3023 820 3078 processus
845 3005 971 3070 habitos,
992 3005 1124 3060 dominos
1152 3023 1220 3061 suos
1246 3011 1354 3061 nostres
1382 3007 1414 3061 in

358 3090 412 3144 hac
445 3098 529 3162 parte
559 3091 736 3146 ordinationi
762 3088 824 3146 sive
851 3089 973 3145 arbitrio
1001 3090 1202 3154 submiserint,
1230 3097 1291 3145 tam
1323 3107 1415 3163 super

353 3173 422 3242 jure
449 3192 537 3245 quam
561 3175 747 3247 possessione
773 3174 922 3245 pensionis
950 3173 1108 3245 praedictae,
1137 3191 1249 3229 necnon
1275 3181 1306 3231 et
1332 3190 1413 3230 arre-

356 3256 448 3329 ragiis
476 3277 494 3314 a
523 3265 654 3330 tempore
685 3276 743 3331 quo
772 3258 844 3313 dicti
875 3257 1059 3329 hospitalarii
1089 3259 1260 3328 pensionem
1289 3258 1413 3314 eandem

354 3342 441 3397 dictis
469 3343 619 3415 religiosis
647 3341 827 3398 subtraxisse
855 3341 1005 3406 dicuntur,
1035 3350 1123 3413 prout
1152 3342 1183 3396 in
1216 3341 1413 3398 instrumento

356 3442 444 3498 super
483 3428 538 3483 hoc
571 3428 712 3492 consecto,
745 3435 775 3482 et
811 3425 905 3495 sigilli
942 3422 1036 3480 nostri
1066 3423 1227 3482 munimine
1264 3427 1411 3493 roborato,

355 3509 471 3580 plenius
490 3511 675 3576 continetiam
696 3509 781 3581 cujus
799 3515 883 3566 tenor
901 3508 970 3565 talis
989 3515 1043 3565 est.

389 3592 623 3659 Memorandum,
643 3593 722 3666 quod
749 3612 816 3649 cum
843 3591 920 3648 inter
938 3592 1018 3647 viros
1042 3593 1198 3665 religiosos
1223 3594 1359 3651 abbatem
1384 3602 1415 3652 et

355 3685 530 3734 conventum
557 3678 657 3734 Sancti
676 3677 758 3733 Petri
776 3674 968 3732 Gloucestriae
993 3676 1105 3733 ordinis
1133 3675 1233 3734 Sancti
1258 3678 1414 3737 Benedicti

354 3760 579 3835 Wygorniensis
606 3761 749 3833 dyoecesis
775 3776 810 3815 ex
836 3765 919 3832 parte
947 3777 1015 3825 una,
1043 3767 1073 3816 et
1103 3761 1231 3832 priorem
1255 3767 1286 3818 et
1306 3763 1414 3820 fratres

356 3846 510 3917 hospitalis
529 3846 548 3900 J
550 3845 766 3901 erosolomitaui
785 3845 815 3898 in
827 3845 938 3915 Anglia
956 3862 991 3898 ex
1009 3845 1111 3909 altera,
1132 3864 1221 3916 super
1240 3844 1414 3917 spoliatione

358 3929 482 3985 duarum
500 3948 666 3985 marcarum
684 3947 788 3984 annum
806 3929 953 3998 pensionis
972 3928 1009 3982 de
1028 3928 1152 3984 ecclesia
1172 3929 1209 3984 de
1231 3929 1414 3999 Quenintone

359 4014 490 4085 ejusdem
508 4014 663 4085 dyoecesis,
682 4012 803 4069 suborta
825 4012 930 4067 fuisset
948 4011 1073 4067 materia
1090 4014 1269 4084 quaestionis,
1290 4033 1324 4070 ac
1349 4035 1414 4088 par·

358 4098 438 4153 tibus
463 4117 562 4154 eoram
588 4097 704 4154 officiali
729 4096 905 4152 venerabilis
933 4096 1026 4167 patris
1052 4096 1162 4151 domini
1189 4098 1414 4170 Wygorniensis

358 4179 489 4254 episcopi
511 4183 659 4238 ordinario
693 4178 761 4254 jure
787 4187 981 4253 cognoscente
1007 4178 1188 4252 aliquamdiu
1215 4180 1413 4255 litigantibus.

358 4285 377 4321 a
401 4263 532 4338 praefatis
556 4268 659 4322 abbate
685 4272 714 4321 et
740 4271 885 4322 conventu
914 4283 995 4320 mere
1025 4264 1238 4336 possessorium
1266 4265 1416 4339 judicium

358 4350 578 4417 intentantibus,
606 4356 636 4406 et
659 4350 777 4407 restitui
804 4349 980 4421 petentibus,
1018 4367 1087 4420 pars
1112 4349 1257 4406 dictorum
1283 4349 1414 4424 hospita·

357 4433 499 4490 lariorum
529 4435 697 4506 excipiendo
727 4434 879 4506 proposuit
908 4433 986 4505 quod
1026 4451 1123 4489 coram
1159 4433 1259 4490 dicto³
1295 4436 1413 4493 officiali

392 4662 398 4692 ¹
416 4659 575 4726 ἱειροιιενωη]
595 4660 786 4723 inposterornm,
799 4656 858 4710 MS.
941 4660 951 4686 ⁸
967 4656 1044 4723 dicto]
1063 4657 1139 4709 Alter
1152 4659 1202 4709 this
1214 4661 1284 4710 word
1303 4659 1374 4714 there
1390 4661 1413 4712 is

389 4738 707 4804 ²wa1erdecantilupe
907 4737 1284 4801 ealighterasureintheMS.
