3218 5640
515 827 542 875 s
565 826 665 876 snm
688 827 940 878 osoccmrarn
1212 811 1255 875 &⁶3

203 992 238 1047 ds
252 993 333 1050 dioto
349 1005 446 1067 pratu,
468 999 562 1054 libere
588 1002 641 1056 et¹
661 1001 770 1071 quiete,
799 1001 911 1071 absque
934 1000 1014 1054 omni
1041 998 1191 1054 suctione
1207 997 1256 1051 vei

204 1077 307 1134 eismio
323 1083 373 1136 sni
390 1084 440 1137 rel
458 1101 663 1140 successorum
682 1102 804 1141 suornm
821 1085 853 1139 in
870 1092 1057 1156 perpetuum.

235 1161 277 1218 Ut
293 1168 395 1220 suam
411 1167 476 1222 hmo
493 1169 592 1223 omnis
618 1186 673 1240 per
700 1168 820 1223 modum
847 1168 1069 1239 compositionis
1092 1165 1161 1220 binc
1186 1165 1255 1220 inde

203 1254 351 1318 perp-ons
380 1250 529 1308 iirmitstis
559 1254 650 1309 robur
679 1254 839 1316 obtineant,
870 1269 1000 1323 praesens
1038 1251 1185 1321 scriptum
1225 1250 1257 1304 in

203 1331 323 1388 nodum
340 1337 519 1408 cyrographi
538 1339 616 1393 inter
633 1356 684 1393 eos
702 1339 866 1393 consectum
892 1344 947 1399 est,
967 1335 1052 1406 cnjus
1077 1351 1167 1388 unam
1191 1350 1257 1405 por·

202 1422 272 1480 ²¹¹¹,
291 1418 394 1489 fligillo
420 1420 567 1476 dictorum
591 1423 705 1477 abbatis
724 1428 754 1477 et
771 1428 931 1476 conventus
950 1419 1143 1474 Glonoestrire
1161 1417 1255 1471 mnni-
1270 1419 1287 1469 s.
1304 1420 1383 1472 teli

200 1504 271 1563 im,
290 1501 388 1557 dictus
406 1505 629 1561 archidiaconns
648 1506 706 1561 sibi
724 1505 863 1569 retinnit;
889 1504 1013 1558 alteram
1034 1518 1107 1556 vero
1130 1506 1254 1572 partem,

201 1583 312 1655 sigillis
329 1589 508 1644 venustius
534 1591 628 1661 patris
655 1590 727 1644 dicti
754 1589 867 1643 domini
886 1586 1100 1658 wigorniensis
1125 1586 1255 1655 episcopi

201 1676 232 1723 st
247 1671 367 1740 profati
384 1674 583 1729 archidiaconi
602 1674 796 1730 Gloucestrin
813 1673 990 1736 roboratam,
1009 1670 1100 1725 iidem
1118 1671 1208 1726 obbas
1225 1676 1256 1725 et

201 1760 364 1810 ommtns
382 1755 579 1814 Gloucesnim
596 1758 654 1812 sibi
672 1764 872 1817 reservarunt,
893 1764 949 1810 etc.

384 2027 547 2095 DLXIII.
570 2029 620 2096 De
642 2037 743 2116 prato
767 2027 808 2093 in
838 2027 1068 2095 Wulebomme.

239 2195 361 2252 Scisnt²
373 2208 534 2269 presentes
547 2206 576 2254 et
590 2201 693 2264 futuri,
708 2199 787 2270 quod
807 2195 889 2269 [ego]
900 2198 1050 2251 Walterus
1064 2192 1255 2266 Grangerins,
1269 2206 1398 2258 Othle

205 2278 242 2332 de
260 2298 386 2336 assensu
405 2294 435 2338 et
453 2285 605 2340 voluntate
624 2285 740 2338 Edithae
758 2283 795 2337 dc
814 2280 1034 2337 Chirchosdone
1053 2279 1152 2334 uxoris
1172 2296 1255 2341 meai,
1268 2277 1375 2325 hamme·

202 2361 270 2417 dedi
288 2374 319 2418 et
337 2368 480 2431 concessi,
501 2378 530 2422 et
548 2369 602 2422 hac
621 2368 758 2439 praesenti
783 2380 864 2420 curta
891 2383 956 2418 mea
982 2363 1162 2425 confirmnvi,
1182 2362 1255 2425 Deo,

203 2460 231 2500 et
249 2449 384 2504 ecclesiae
404 2450 507 2506 Sancti
525 2452 608 2505 Petri
627 2451 829 2514 Glouccstriae,
849 2456 878 2503 et
896 2447 1045 2502 monachis
1064 2445 1175 2500 ibidem
1194 2446 1257 2499 Deo

203 2531 412 2596 servientibus,
432 2535 585 2604 inpurum
605 2544 634 2589 et
653 2543 824 2605 perpetuam
843 2531 1043 2594 elemosinam,
1058 2548 1147 2584 unam
1159 2547 1257 2583 oerum

201 2616 280 2684 proti
299 2616 331 2669 in
350 2616 586 2682 Walehnmme?
604 2618 717 2672 scilicet
735 2618 817 2672 iliam
837 2633 925 2686 qnam
943 2615 1099 2686 Philippus
1116 2614 1146 2668 le
1164 2613 1259 2668 Dere-

202 2714 275 2767 neys
295 2699 457 2770 aliqnando
474 2702 587 2765 tenuit;
612 2701 768 2756 tenendam
785 2706 815 2754 et
831 2699 995 2753 habendam
1020 2698 1078 2753 sibi
1096 2704 1127 2752 et
1144 2714 1260 2752 succes·

202 2782 322 2838 roribus
341 2801 446 2838 eornm
465 2784 558 2838 libere
576 2790 607 2839 et
624 2785 734 2854 quiete,
754 2785 827 2837 bene
840 2790 870 2838 et
882 2783 913 2836 in
925 2799 1006 2853 poce,
1027 2783 1142 2853 integre
1162 2786 1193 2836 et
1210 2781 1260 2835 ho

200 2866 335 2931 notifico,
356 2885 425 2922 cum
457 2868 593 2923 omnibns
620 2868 805 2922 libertatibus
824 2874 855 2922 et
873 2867 975 2922 liberis
999 2865 1260 2921 consuetudinibus

200 2949 283 3015 suis3
312 2951 454 3005 videlicet
472 2951 551 3021 quod
569 2969 626 3022 ego
644 2952 803 3016 Walterus,
823 2967 877 3006 nec
895 2951 1003 3005 Editha
1020 2968 1094 3005 uxor
1111 2967 1187 3012 mea,
1207 2967 1261 3002 nec

201 3032 340 3088 heredes
358 3036 463 3097 nostri,
483 3036 514 3089 in
532 3036 612 3090 dicta
629 3053 697 3089 scra
713 3037 791 3105 prati
809 3034 930 3104 aliquod
943 3035 994 3104 jus
1014 3035 1062 3088 rel
1077 3033 1217 3088 clamium
1230 3032 1261 3085 in

201 3124 358 3187 posterum
376 3119 535 3173 vendicare
560 3120 716 3189 possimus.
764 3119 829 3188 Ego
847 3135 915 3171 rero
939 3117 1087 3171 Walter-ns
1106 3122 1136 3170 et
1153 3116 1263 3169 Edithn

202 3217 280 3255 uxos·
297 3219 366 3256 mee
384 3210 415 3258 et
432 3202 566 3257 baeredes
584 3204 678 3258 nostri
697 3203 808 3257 dictam
826 3220 924 3256 aeram
943 3201 1021 3271 prati
1039 3217 1107 3254 cum
1125 3197 1262 3252 omnibus

201 3285 393 3354 pertinentiis
425 3287 488 3340 snis
519 3286 606 3341 dictis
636 3286 787 3340 monachis
818 3285 866 3339 vel
902 3281 1121 3337 suecessoribus
1160 3296 1262 3332 eorum

201 3374 310 3422 contra
327 3385 430 3423 omnes
459 3369 592 3424 homines
620 3376 651 3424 et
679 3369 813 3424 immines
838 3365 1093 3420 warantizabimus
1111 3362 1143 3415 in
1160 3377 1263 3429 perpe·

201 3461 292 3506 tunm
310 3462 343 3508 et
359 3452 564 3507 defendemus.

240 3535 284 3591 Et
311 3542 346 3591 nt
370 3536 435 3592 bisc
462 3542 564 3592 nostra
582 3535 700 3591 donatio
718 3542 749 3589 et
767 3531 916 3589 concessio
935 3529 1059 3583 firmiter
1077 3525 1261 3587 observetur,

204 3626 264 3675 ete.

301 3891 461 3956 DLXIV.
509 3889 556 3953 Dc
577 3895 680 3973 prato
703 3885 858 3965 suspense
882 3874 1034 3960 pistorem
1056 3872 1176 3938 Sancti

618 3977 863 4053 Banbolotnoei.

244 4149 350 4206 Sciant
375 4156 536 4222 pressent-es
556 4153 587 4200 et
605 4140 708 4202 futuri,
728 4134 806 4208 quod
824 4149 881 4201 ego
899 4131 1069 4193 Johnuncs,·
1087 4128 1143 4185 Dei
1169 4135 1265 4204 gratis
1277 4147 1346 4199 Μ),
1359 4156 1432 4205 12⁴8.

206 4235 300 4289 abbas
328 4242 360 4288 et
386 4238 549 4289 conventus
578 4225 678 4282 Sancti
706 4216 788 4274 Petri
816 4213 1017 4275 Gloneestriae,
1045 4229 1119 4267 nuno
1145 4214 1262 4274 Domini
1277 4228 1383 4280 Oslln-

205 4318 370 4373 millesimo
410 4312 614 4371 ducentesimo
651 4296 876 4374 quadragesimo
913 4301 1025 4357 octavo,
1057 4301 1263 4368 concessimus,
1276 4296 1426 4352 ehem,

217 4435 1260 4468 w

243 4541 250 4571 ι
269 4540 308 4606 et]
327 4537 465 4589 interlined
478 4538 504 4585 iu
517 4531 573 4582 MS.
771 4514 859 4563 lendnr
870 4512 900 4560 of
906 4510 1048 4575 donationg
1060 4516 1137 4580 (m,
1146 4520 1197 4577 „L
1208 4526 1224 4576 ί.
1242 4543 1265 4592 ρ,

241 4619 253 4649 '
268 4618 341 4668 Vide
349 4618 399 4667 No.
407 4603 631 4668 CCCCXXXIII.
644 4601 720 4660 (onte,
775 4593 843 4652 120).

206 4712 233 4762 p,
246 4701 286 4762 s),
805 4669 814 4695 ⁴
830 4665 899 4715 John
910 4666 942 4715 de
951 4662 1038 4721 Fetus,

243 4779 254 4806 ¹
279 4763 458 4835 waldam]
485 4756 720 4816 Wm'emedetncs·
1114 4835 1136 4898 2

1070 4846 1093 4894 P
