3218 5640
351 795 416 865 276
619 805 870 858 osaromrunu
894 804 1106 858 nouasraau

343 1017 612 1110 ,noconxvu
643 1019 693 1086 na
716 1019 851 1086 arcusa
877 1020 973 1087 nuo
1005 1019 1102 1087 Peos
1135 974 1406 1110 cuasarum,

669 1130 699 1190 ct
722 1123 761 1189 dc
785 1122 868 1190 Aule
889 1122 1075 1210 Pyotorde.

185 1260 254 1311 ΑΙ).
270 1263 334 1309 124⁰
391 1261 546 1317 Univeraia
566 1259 678 1315 Christi
696 1259 833 1314 fidelibus
851 1265 1011 1331 praesentes
1029 1259 1144 1315 litteras
1163 1260 1340 1332 inspecturis
1358 1261 1409 1315 vel

186 1331 277 1378 4258.
356 1346 512 1408 audituris,
533 1342 662 1408 Petrus,¹
680 1344 869 1399 miseratione
895 1344 996 1399 divina
1022 1344 1249 1400 Herefordenais
1274 1346 1409 1400 ecclesias

187 1411 313 1462 osne*
357 1431 490 1487 minister
508 1428 639 1493 humilis,
660 1428 786 1483 salntem
804 1428 835 1482 in
853 1427 978 1483 Domino
997 1429 1215 1500 sempitemm.

190 1478 320 1609 mali}
391 1513 517 1569 Noverit
546 1512 723 1567 universitas
756 1517 865 1576 vestra,
897 1511 976 1583 quod
1012 1511 1082 1582 juro
1116 1518 1286 1583 patronatus
1322 1513 1410 1568 Beati

188 1611 272 1661 chare,
357 1599 439 1654 Petri
465 1596 703 1659 Herotordonsis‚
730 1601 760 1650 et
787 1596 823 1651 de
849 1595 923 1651 Acle
941 1595 1095 1668 Pychardc
1120 1596 1307 1661 vinariarum,
1336 1615 1410 1668 qnos

187 1693 206 1743 t.
220 1693 267 1741 21?
280 1687 302 1740 t.
357 1683 599 1755 qualitercunque
617 1679 804 1744 contulimus,
833 1697 891 1736 non
909 1680 946 1735 od
970 1680 1090 1736 noaret
1109 1679 1318 1736 adecclesiam
1344 1699 1412 1736 nos·

357 1775 433 1824 tram
458 1765 718 1829 Harefordensem,
748 1764 800 1819 sed
823 1765 860 1820 ad
886 1765 1019 1820 abbatem
1047 1772 1078 1821 et
1103 1774 1278 1822 conventum
1309 1766 1411 1821 Sancti

358 1852 441 1907 Petri
460 1851 665 1914 Gloucostriae,
686 1857 819 1921 spectare
837 1856 1005 1906 noscuntur.

394 1936 431 1990 In
456 1935 541 2006 eujus
567 1934 610 1988 rei
635 1933 846 1997 testimonium,
866 1940 900 1988 ut
922 1933 973 2004 jus
1000 1951 1102 1988 eorum
1128 1934 1159 1989 in
1186 1933 1273 1989 dictis
1291 1935 1412 1990 vicariis

359 2037 412 2092 per
430 2020 517 2074 istam
535 2025 665 2073 nostram
683 2017 895 2073 consessionem
918 2018 989 2073 satis
1008 2018 1119 2073 clarum
1138 2019 1281 2073 efficiatur
1299 2020 1328 2073 in
1347 2037 1415 2090 pos·

360 2112 466 2167 tarum,
494 2102 631 2174 praesenti
663 2102 772 2173 scripto
803 2102 937 2173 sigillum
966 2109 1099 2158 nostrum
1130 2120 1188 2157 una
1214 2121 1281 2158 eum
1312 2103 1415 2174 sigillo

362 2188 464 2242 decani
482 2185 710 2242 Hereiordensis
728 2185 853 2241 fecimus
871 2185 987 2256 apponi.

398 2271 484 2338 Data,
504 2277 560 2326 etc.

588 2457 870 2524 DCCCLXVIII.
894 2457 1033 2525 Plooito
1055 2458 1207 2526 coroucc.2

400 2588 445 2644 Dc
479 2588 628 2644 veteribus
660 2588 776 2658 placitis
807 2605 929 2651 corona,
962 2607 1027 2658 quae
1064 2589 1137 2644 alias
1173 2589 1293 2644 fuerunt
1316 2608 1417 2646 coram

362 2674 547 2746 justiciariis,
568 2680 598 2728 et
614 2691 672 2727 non
691 2673 811 2728 fuerunt
829 2673 993 2728 terminato.

402 2759 447 2813 De
465 2759 548 2813 novis
567 2757 683 2828 placitis
702 2774 825 2821 coronae,
846 2774 911 2827 quae
929 2764 1032 2828 postea
1049 2765 1241 2812 emerserunt.
1337 2801 1340 2804 .

400 2842 445 2897 De
465 2843 525 2896 illis
544 2843 595 2913 qni
614 2847 683 2897 sunt
705 2843 735 2897 in
755 2841 958 2897 misericordia
975 2842 1086 2897 domini
1113 2843 1204 2913 regis,
1224 2850 1254 2898 et
1271 2861 1329 2899 non
1348 2852 1419 2902 sunt

365 2926 525 2982 amerciati.

401 3010 446 3066 Do
465 3010 580 3066 valletis
601 3017 631 3065 et
648 3010 755 3082 puellis
780 3010 830 3081 qui
855 3017 924 3066 aunt
948 3017 978 3065 et
1005 3027 1070 3068 esee
1098 3011 1205 3067 debent
1230 3013 1261 3067 in
1286 3014 1422 3069 custodia

367 3095 477 3152 domini
495 3095 585 3166 regis,
606 3096 657 3166 qui
685 3100 762 3159 sunt,
782 3102 813 3149 et
839 3095 905 3165 quis
933 3095 999 3149 illos
1017 3095 1115 3161 habet,
1135 3103 1165 3151 et
1191 3114 1245 3169 per
1270 3114 1370 3168 quem,
1390 3105 1423 3155 et

367 3187 508 3251 quantum
527 3186 614 3234 terrae
632 3179 750 3233 illorum
768 3178 875 3233 valent.

403 3263 448 3319 Do
466 3263 638 3318 dominabus
658 3281 723 3333 quae
738 3268 806 3318 sunt
824 3269 855 3317 et
872 3279 938 3317 esse
957 3262 1064 3318 debent
1081 3263 1117 3318 de
1136 3263 1290 3320 donatione
1308 3265 1422 3322 domini

367 3349 458 3419 rogis,
478 3348 504 3402 si
523 3348 583 3402 sint
606 3348 750 3402 maritatae
777 3364 830 3401 seu
855 3347 1036 3412 maritandas,
1056 3347 1115 3413 cni,
1135 3354 1166 3403 et
1191 3365 1244 3419 per
1271 3366 1371 3420 quem,
1392 3357 1425 3407 et

369 3438 511 3502 qnantum
528 3437 615 3487 terrra
633 3431 752 3487 illarum
769 3431 878 3486 valent.
1088 3424 1091 3429 ’

404 3515 449 3571 Do
467 3516 599 3571 ecelesiis
619 3534 684 3586 qum
703 3521 772 3570 sunt
797 3522 828 3570 et
853 3531 917 3569 esse
943 3514 1050 3569 debent
1076 3514 1113 3571 de
1137 3514 1291 3571 donatione
1309 3517 1424 3573 domini

368 3601 459 3671 regis,
479 3619 545 3672 ane
563 3599 695 3654 ecelesiae
713 3599 773 3654 illa
791 3599 859 3662 sint,
873 3605 904 3654 et
922 3599 973 3669 qui
992 3599 1059 3654 illas
1078 3606 1185 3664 tenent,
1200 3607 1231 3657 et
1247 3618 1302 3674 per
1320 3619 1423 3672 qnam,

370 3692 401 3740 et
420 3691 561 3755 quantum
579 3684 680 3739 valent
695 3700 749 3756 per
767 3700 885 3738 annum.
1394 3685 1397 3688 ⁴

404 3768 449 3822 De
467 3768 612 3823 eschaetis
630 3766 740 3823 domini
758 3767 849 3837 regis,
869 3784 935 3838 qnae
960 3767 1029 3831 sint,
1049 3767 1149 3838 etqui
1167 3767 1234 3823 illas
1261 3774 1373 3834 tenent,
1393 3776 1427 3826 et

371 3858 514 3922 qnantum
531 3851 638 3915 valent,
658 3858 718 3907 tarn
737 3851 774 3906 de
800 3851 889 3906 terris
916 3850 1153 3907 Normannornm
1180 3869 1269 3924 qnam
1288 3853 1324 3909 de
1344 3854 1424 3922 aliis,

369 3940 400 3989 et
417 3935 510 4005 siqnoe
528 3940 684 3990 teneantur
702 3935 765 3989 sine
783 3940 923 3990 waranto.

402 4113 409 4142 ¹
426 4111 502 4162 Peter
523 4111 555 4159 de
576 4109 724 4174 Egeblanlre
750 4123 780 4158 or
801 4108 868 4173 Ege·
918 4108 1023 4171 jnstices
1033 4109 1154 4159 itinerant
1161 4124 1227 4160 vere
1235 4119 1292 4161 sent
1302 4112 1430 4178 through·

371 4190 486 4240 blauneb.
921 4196 965 4238 ont
983 4188 1026 4237 the
1046 4187 1168 4253 kingdom
1187 4196 1214 4238 to
1232 4190 1430 4255 make-similar

401 4271 412 4299 ²
427 4270 520 4327 These,
530 4269 551 4318 it
562 4268 615 4316 will
627 4269 658 4316 be
675 4282 733 4318 seen
744 4282 812 4332 upon
824 4283 869 4317 ex·
921 4266 1043 4331 inquiries
1050 4267 1330 4333 orinquisitions(ibid‚
1337 4278 1430 4335 mett,

368 4347 517 4404 antestion,
527 4362 569 4397 are
581 4347 673 4395 almost
682 4345 869 4396 identiealtritb
893 4360 896 4423 Ι
922 4346 1006 4396 where
1017 4346 1114 4396 shorter
1125 4347 1225 4398 articles
1242 4349 1282 4398 tor
1297 4350 1341 4400 tbe
1360 4352 1430 4402 staf-

368 4427 412 4476 the
422 4425 522 4477 articles
540 4432 566 4474 to
580 4425 612 4473 be
632 4423 747 4488 inquired
764 4424 819 4474 into
835 4424 870 4489 by
893 4426 897 4501 Ιι
922 4427 979 4475 ford
986 4426 1092 4489 justices
1109 4442 1151 4477 are
1167 4427 1293 4492 printed);
1311 4446 1351 4481 we
1367 4446 1430 4496 may

369 4507 413 4556 the
420 4505 526 4568 jastiees
541 4504 661 4553 itinerant
672 4510 698 4553 at
708 4501 869 4552 Liclitieldin
893 4512 897 4585 1
922 4505 1047 4554 therefore
1069 4505 1130 4555 with
1155 4506 1275 4557 tolerabis
1303 4510 1431 4577 certainty

369 4585 414 4635 the
436 4600 497 4650 year
520 4589 592 4637 125⁴.
614 4598 642 4632 as
664 4581 764 4645 printed
781 4582 808 4630 in
827 4582 870 4632 the
893 4590 898 4698 1
923 4584 1009 4648 assign
1021 4584 1093 4633 those
1104 4584 1129 4633 in
1141 4586 1184 4636 the
1195 4593 1250 4636 text
1260 4587 1348 4640 before
1359 4606 1389 4639 na
1401 4599 1430 4640 to

369 4663 507 4714 Annalsot'
512 4663 609 4711 Burton
619 4662 671 4724 (ed.
679 4661 870 4719 lrmrd,Chmn.
922 4662 966 4712 the
976 4678 1044 4712 same
1055 4663 1150 4726 period.

369 4753 395 4794 et
407 4744 483 4793 tien
495 4744 599 4805 natu).
632 4739 664 4788 ln
675 4738 719 4788 the
729 4755 791 4806 year
807 4745 870 4789 1255
893 4732 898 4806 ξ
