3218 5640
530 796 555 843 s,
579 795 678 846 emm
701 795 952 846 cloccarium.
1221 783 1263 846 63

215 967 445 1026 ecclesiasticum
469 970 593 1026 firmiter
615 971 774 1026 observari.
824 971 926 1026 Teates
954 976 1053 1026 autem
1079 972 1131 1043 qui
1157 971 1265 1025 luerint

215 1055 367 1120 nominati,
388 1057 413 1110 si
433 1074 465 1110 se
482 1057 587 1126 gratia,
600 1055 676 1119 odio,
691 1056 738 1109 vel
751 1056 855 1110 timore
875 1056 1081 1120 subtraxerint,
1094 1074 1148 1128 per
1163 1073 1264 1110 censu·

215 1157 280 1192 ram
298 1141 429 1205 eandem,
442 1150 572 1196 cessante
589 1140 792 1212 appellatione,
806 1143 919 1211 cogatis
938 1142 1055 1196 veritati
1066 1142 1264 1197 testimonium

214 1224 379 1295 perbibere.
423 1225 507 1294 Quod
537 1227 562 1280 si
592 1244 651 1279 non
681 1243 781 1279 omnes
812 1226 870 1280 hiis
900 1226 1079 1296 exequendis
1108 1225 1263 1297 potueritis

215 1310 368 1375 iuteresse,
387 1310 447 1365 dno
467 1316 598 1365 smmum
618 1327 654 1363 ea
672 1309 861 1364 nihilominus
880 1316 1070 1380 exequantur.

251 1394 360 1449 Datum
393 1394 495 1459 Beate,
527 1395 559 1449 ii.
591 1411 681 1449 nonas
704 1394 828 1465 Aprilis,
858 1393 1042 1465 pontificatus
1069 1396 1161 1450 nostri
1191 1411 1266 1448 anno
1300 1439 1311 1457 ,

213 1491 306 1533 Sexto.

251 1564 349 1634 Hujus
367 1564 463 1634 igitur
481 1564 653 1618 auctoritate
672 1564 801 1618 mandati
820 1563 955 1618 abbatem
978 1571 1009 1619 et
1029 1572 1203 1619 conventum
1228 1565 1264 1618 de
1276 1559 1295 1617 f.
1309 1570 1365 1616 134.

214 1647 418 1712 (dorcestria,¹
438 1658 469 1703 et
488 1648 616 1719 priorem
628 1656 659 1702 ct
670 1655 846 1703 conventum
857 1647 965 1704 Montis
977 1649 1077 1713 Aouu‘,
1090 1656 1122 1703 et
1138 1649 1264 1719 priorem

214 1733 252 1786 de
269 1733 350 1787 Malo
369 1734 473 1796 Paesti,
487 1733 525 1787 ad
539 1733 684 1803 judicium
706 1733 884 1788 vocavimus.
920 1733 1046 1789 Etcum
1066 1751 1164 1788 coram
1182 1734 1264 1787 nobis

214 1829 245 1871 et
269 1818 391 1889 collegis
416 1820 522 1873 nostris
546 1818 659 1872 diutius
683 1827 763 1873 esset
785 1819 957 1874 altercatum
976 1836 1066 1890 super
1089 1818 1210 1873 decimis
1229 1819 1265 1872 dc

214 1903 388 1973 llendelgis¹
410 1910 442 1956 et
458 1905 547 1957 rebus
566 1904 632 1957 aliis
654 1903 691 1956 ad
711 1903 864 1957 ecclesiam
883 1902 920 1957 de
938 1903 1023 1957 Novo
1042 1903 1145 1975 Burgo
1161 1903 1198 1958 ab
1219 1921 1268 1957 an-

213 1990 297 2059 tiquo
309 1989 519 2059 spectantibus,
539 1989 577 2042 lis
596 1996 675 2043 mota
693 1988 810 2042 tandem
832 1989 908 2042 inter
928 1996 1027 2058 partes
1045 1988 1101 2043 sub
1119 1989 1174 2043 bac
1187 1990 1266 2059 pacis

215 2075 309 2127 forma
320 2074 496 2144 conquievit,
507 2073 643 2127 videlicet
655 2072 733 2143 quod
745 2072 841 2126 dictus
855 2073 943 2126 abbas
956 2080 986 2127 et
997 2080 1155 2127 conventus
1169 2072 1268 2128 Sancti

214 2157 296 2212 Petri
316 2158 508 2212 Gloucestrite
529 2157 648 2226 pacifice
673 2170 703 2212 ct
726 2157 856 2226 plenarie
880 2158 1074 2228 perciperent,
1095 2158 1144 2210 rel
1168 2175 1268 2212 eorum

213 2244 368 2312 assignati,
389 2260 488 2296 omnes
513 2242 641 2296 decimas
666 2241 702 2294 dc
723 2241 896 2311 Mendelgffi
918 2254 948 2296 et
972 2242 1009 2295 de
1027 2242 1161 2296 omnibus
1179 2243 1268 2296 rebus

212 2328 251 2381 ab
269 2329 389 2397 antiquo
411 2327 609 2398 spectantibus
625 2326 662 2379 ad
686 2326 840 2380 ecclesiam
858 2326 895 2380 de
920 2326 1004 2381 Novo
1024 2326 1137 2397 Burgo,
1159 2327 1269 2398 absque

213 2413 293 2465 omui
319 2410 526 2482 impedimento
550 2418 579 2464 et
596 2410 756 2465 vexatione·
804 2409 924 2464 Judices
949 2416 1048 2465 autem
1066 2411 1103 2465 de
1126 2429 1268 2465 consensu

212 2497 342 2566 partium
360 2505 585 2550 reservaverunt
612 2495 668 2548 s1bi
690 2494 927 2564 jurisdictionem
950 2495 1143 2567 compellendi
1169 2504 1267 2565 partes

211 2581 251 2634 ad
275 2579 446 2651 praedictam
469 2597 571 2649 pacem
597 2579 723 2634 fideliter
746 2579 966 2633 observandam.
1012 2580 1268 2635 Renunciarerunt

210 2665 301 2719 etiam
314 2672 412 2735 partes
432 2664 511 2717 omni
528 2663 575 2718 liti
594 2671 681 2718 motae
693 2662 742 2718 vcl
754 2663 905 2718 movendas
922 2681 1021 2718 coram
1042 2663 1266 2736 quibuscunque

207 2748 362 2819 judicibus
380 2748 544 2818 impetratis
564 2749 612 2802 vel
632 2747 822 2819 impetrandis
842 2748 955 2803 ratione
979 2757 1010 2804 et
1032 2751 1184 2805 occamone
1206 2750 1267 2805 dio-

210 2845 310 2888 tarum
328 2831 507 2887 decimarum
525 2832 562 2886 ad
580 2832 689 2888 dictam
706 2833 860 2887 ecclesiam
874 2834 1092 2904 pertinentium.
1127 2835 1190 2889 Nos
1203 2837 1266 2906 qui·

209 2917 280 2972 dem
303 2918 476 2972 auctoritate
508 2916 617 2971 domini
641 2917 739 2987 Papae,
765 2935 824 2987 qua
856 2918 1017 2989 fungimur,
1042 2920 1117 2974 bano
1142 2919 1264 2974 formam

210 3003 292 3074 pacis
311 3003 448 3073 praesenti
473 3003 584 3072 scripto
607 3003 638 3056 in
664 3001 784 3056 modum
808 3003 986 3074 cyrographi
1006 3005 1139 3059 coniecto
1161 3004 1264 3058 confir-

211 3105 337 3149 mamus,
352 3098 384 3141 et
403 3104 468 3140 eam
486 3085 670 3141 decrevimus
692 3088 723 3140 in
742 3094 915 3158 perpetuum
935 3088 996 3143 sore
1014 3088 1183 3143 valituram.

247 3172 284 3225 In
301 3173 385 3241 cujus
399 3172 443 3225 rei
460 3171 660 3226 testimonium
679 3171 781 3242 sigilla
799 3182 898 3227 nostra
916 3191 975 3228 una
994 3190 1061 3228 cum
1079 3173 1188 3243 sigillis
1200 3191 1264 3245 par·

210 3258 287 3311 tium
305 3255 342 3309 de
360 3273 502 3310 consensu
519 3256 678 3310 earundem
696 3257 896 3327 apposuimus.

247 3340 338 3394 Facta
357 3341 413 3394 luit
430 3358 501 3394 vero
520 3340 583 3395 baec
602 3341 681 3394 dicta
700 3342 873 3410 compositio
891 3359 966 3396 anno
984 3343 1088 3413 gratim
1105 3342 1263 3396 millesimo

209 3424 411 3479 ducentesimo
424 3425 575 3481 tricesimo
593 3443 677 3490 nono,
691 3424 808 3479 domino
820 3425 950 3480 Hem-ico
962 3426 1065 3482 Foletb
1078 3433 1148 3482 tunc
1160 3427 1262 3481 abbate

210 3509 413 3564 Gloucestriae.

536 3747 733 3811 DXXVlll.
759 3746 806 3810 Dc
829 3747 948 3813 eodem.

245 3915 348 3970 Sciant
365 3925 525 3987 praesentes
543 3928 575 3970 et
592 3916 695 3979 futuri,
710 3915 788 3985 quod
806 3933 858 3970 nos
878 3917 1068 3985 Reginaldus,
1089 3916 1145 3972 Dei
1163 3920 1260 3988 gratia
1273 3927 1341 3977 Ab.
1357 3935 1419 3980 1253

205 4001 298 4055 abbas
317 4010 348 4054 et
365 4012 525 4054 conventus
552 3999 653 4055 Sancti
676 3999 758 4053 Petri
785 3996 987 4065 Gloucestriae,
1006 4003 1205 4058 concessimus
1229 4012 1259 4058 et
1273 4000 1362 4044 4284-

203 4084 383 4140 tradidimus
408 4084 540 4140 waltero
562 4084 673 4155 Wrgan
702 4084 803 4138 decem
832 4103 915 4139 acras
941 4094 971 4140 ct
995 4086 1146 4141 dimidiam
1171 4095 1259 4143 terrm
1273 4075 1361 4125 (ΜΕ

202 4169 326 4226 arabilis
345 4188 418 4241 quas
441 4169 553 4239 Wrgan
578 4176 663 4240 pater
688 4170 782 4240 ipsius
810 4169 847 4222 do
872 4169 955 4224 nobis
983 4171 1140 4242 aliquando
1164 4176 1259 4230 tenuit
1272 4158 1346 4192 W·

204 4256 287 4310 inira
297 4254 410 4308 limites
426 4255 574 4325 parochiae
593 4254 708 4308 Sancte
728 4254 858 4323 Brigidae
873 4255 959 4323 juxta
973 4255 1093 4312 Novum
1105 4257 1257 4330 Burgum

201 4339 354 4394 habendas
382 4348 413 4393 et
439 4339 580 4393 tenendas
607 4338 643 4392 de
668 4338 751 4392 nobis
779 4349 810 4391 et
835 4341 1053 4395 successoribus
1083 4345 1191 4399 nostris
1222 4345 1258 4398 ad

202 4426 297 4479 vitam
317 4441 410 4485 suam,
424 4423 470 4478 et²
487 4423 524 4477 ad
536 4423 627 4477 vitam
641 4421 782 4477 Johannae
804 4424 903 4477 uxoris
923 4443 984 4479 suas
1002 4434 1125 4492 tantum,
1146 4430 1171 4482 si
1191 4447 1257 4483 eum

263 4670 432 4735 leteattia]
446 4671 503 4721 The
512 4689 528 4719 o
539 4673 564 4719 in
577 4672 628 4722 tbis
638 4673 707 4722 word
793 4674 802 4700 ²
819 4672 855 4737 et]
874 4675 989 4736 repeated
999 4674 1028 4722 in
1039 4674 1097 4724 MS.

200 4757 227 4804 is
238 4753 342 4803 written
354 4768 420 4816 upon
432 4767 465 4803 an
475 4767 584 4805 erasme.
