3218 5640
365 773 429 838 104
645 783 894 836 caarnmarnn
917 786 1123 837 norssrann

365 958 484 1018 servitio
503 978 565 1023 suo,
585 959 769 1015 medietatem
795 960 924 1031 passagii
953 960 1046 1016 nostri
1074 959 1109 1013 dc
1136 959 1315 1014 Nenenham
1340 974 1409 1012 cum

365 1046 489 1117 quodam
508 1044 659 1115 mesuagio
684 1051 714 1100 et
740 1045 907 1116 cartillagio
935 1063 1000 1116 quas
1018 1045 1166 1115 pertinent
1190 1043 1228 1098 ad
1245 1042 1410 1097 manerium

363 1136 494 1185 nostrum
513 1129 548 1184 de
561 1128 674 1183 Rudelc
688 1151 696 1194 3
715 1128 870 1184 tenendam
882 1134 912 1184 et
922 1127 1085 1183 habendam
1097 1127 1206 1183 dictam
1218 1126 1408 1182 medietatem

363 1214 502 1285 passagii,
530 1231 589 1268 una
613 1231 680 1268 cum
707 1213 857 1284 mesuagio
882 1217 912 1267 et
936 1212 1103 1284 curtillagio
1132 1217 1163 1267 et
1187 1211 1321 1266 omnibus
1346 1210 1409 1265 suis

362 1298 546 1370 pertinentiis
573 1298 629 1353 sibi
656 1304 686 1353 et
711 1298 876 1353 haeredibus
904 1299 976 1362 suis,
996 1296 1032 1353 do
1057 1297 1150 1361 nobis,
1178 1295 1279 1361 libere,
1300 1296 1409 1366 quiete,

363 1384 445 1447 benc,
460 1389 490 1439 et
502 1383 625 1454 integre,
640 1382 675 1436 ab
688 1383 767 1436 omni
785 1381 932 1437 exactione
951 1388 981 1436 et
993 1382 1127 1436 saeculari
1140 1379 1282 1435 demanda
1306 1380 1344 1434 ad
1355 1395 1409 1433 nos

362 1466 430 1522 inde
448 1467 620 1539 pertinente,
642 1467 718 1521 siout
729 1466 808 1520 idem
826 1464 969 1520 Ricardus
988 1471 1019 1521 ct
1035 1472 1232 1520 antecessores
1244 1464 1291 1519 sui
1308 1468 1410 1517 tenere

362 1552 511 1617 solebant;
531 1551 611 1606 salvo
623 1550 772 1605 monachis
786 1549 977 1606 Gloucestriae
989 1549 1082 1604 libero
1093 1549 1230 1621 passagio
1242 1554 1272 1604 et
1289 1547 1409 1602 famina

362 1654 423 1691 suae
442 1643 472 1691 et
489 1636 614 1708 propria
632 1635 751 1690 familias
770 1634 892 1700 abbatis,
913 1634 1047 1704 quotiens
1065 1634 1185 1689 verrerit.

397 1719 555 1775 Reddenda
581 1719 649 1775 inde
674 1719 824 1774 annuatim
855 1719 983 1774 sacrista)
1008 1724 1108 1773 nostro
1136 1718 1187 1789 qni
1205 1735 1258 1788 pro
1276 1724 1407 1788 tempore

362 1804 451 1859 fuerit
469 1802 570 1858 decem
588 1802 696 1859 solidos
715 1803 923 1874 sterlingorum
949 1802 986 1856 ad
1014 1808 1138 1872 quatuor
1163 1803 1231 1856 anni
1249 1802 1408 1865 terminos,

360 1887 497 1943 videlicet
526 1887 563 1942 ad
592 1889 701 1942 festum
732 1887 832 1942 Sancti
862 1887 1016 1942 Michaelis
1047 1887 1118 1941 duos
1150 1886 1257 1942 solidos
1293 1892 1324 1941 et
1359 1903 1411 1939 sex

361 1971 504 2037 denarios,
519 1977 549 2027 et
566 1971 603 2026 ad
620 1970 726 2026 Natale
745 1970 864 2026 Domini
882 1970 954 2026 duos
973 1971 1080 2026 solidos
1100 1988 1150 2027 sex
1162 1970 1304 2034 denarios,
1325 1975 1356 2024 ct
1372 1968 1411 2023 ad

360 2055 622 2112 Annunoiationem
642 2055 741 2110 Beata
759 2054 862 2109 Mariae
886 2054 958 2109 duos
978 2055 1085 2110 solidos
1111 2060 1142 2109 et
1158 2071 1208 2109 sex
1221 2053 1365 2118 denarioS,
1380 2059 1412 2107 et

361 2140 398 2195 ad
427 2140 619 2196 Nativitatem
648 2139 747 2195 Sancti
778 2139 919 2194 Johannis
947 2138 1086 2211 Baptista
1116 2138 1189 2194 duos
1219 2137 1327 2193 solidos
1358 2154 1410 2191 sex

361 2224 503 2281 denarios.
541 2225 625 2280 Idem
648 2242 720 2280 vero
746 2223 890 2279 Ricardus
919 2229 948 2279 et
973 2223 1104 2279 haeredes
1132 2223 1178 2277 sui
1203 2224 1300 2278 omnia
1320 2239 1411 2277 onera

360 2313 546 2369 medietatem
565 2311 635 2368 dicti
654 2312 785 2384 passagii
803 2312 1002 2382 contingentia
1020 2312 1081 2367 suis
1100 2310 1265 2381 sumptibus
1283 2310 1411 2366 sustine·

360 2397 441 2452 bunt.
479 2397 557 2453 Item
575 2396 653 2451 idem
672 2397 760 2451 etiam
778 2395 923 2451 Ricardus
938 2396 1139 2468 juramentum
1160 2394 1244 2450 nobis
1268 2394 1411 2464 praestitit

361 2481 439 2552 quod
467 2481 561 2536 fidelis
592 2481 650 2536 erit
680 2480 810 2537 ecclesias
840 2487 957 2545 nostras,
992 2485 1022 2535 et
1051 2481 1177 2536 maxime
1207 2479 1243 2535 de
1261 2476 1410 2534 reddendo

359 2564 477 2620 redditu
495 2570 594 2620 nostro
621 2565 750 2636 plenarie
777 2565 893 2620 statutis
912 2565 1055 2629 terminis,
1075 2571 1105 2620 et
1131 2564 1209 2636 quod
1235 2581 1289 2618 neo
1314 2568 1410 2618 artem

359 2667 454 2720 neque
484 2649 637 2719 ingenium
665 2649 806 2719 exquiret,
836 2648 912 2703 unde
938 2649 1041 2703 domus
1067 2655 1166 2703 nostra
1192 2667 1245 2720 per
1274 2654 1421 2724 tenuram·

360 2751 443 2788 suam
470 2732 607 2787 damnum
634 2732 773 2788 incurrat.
811 2732 941 2787 Eandem
968 2733 1156 2789 securitatem
1186 2731 1270 2787 nobis
1300 2731 1410 2788 facient

358 2817 489 2872 haeredes
517 2817 563 2872 sni
590 2835 657 2871 cum
684 2816 795 2888 singuli
821 2816 877 2872 sibi
906 2808 1071 2883 suodedent,
1093 2824 1122 2874 et
1146 2823 1207 2874 tam
1235 2817 1298 2888 ipse
1317 2833 1407 2887 quam

358 2901 488 2956 haeredes
507 2902 552 2956 sui
571 2901 682 2957 curiam
699 2906 828 2957 nostram
847 2909 1015 2973 sequentur.

394 2987 430 3042 Iu
448 2986 532 3059 cnjus
551 2987 595 3041 rei
613 2985 821 3050 testimonium,
842 2992 896 3041 eto.

699 3260 851 3328 DXOVI.
875 3259 1059 3328 Rcdclaam.

397 3435 498 3491 Sciant
515 3441 673 3506 praesentes
700 3440 729 3488 et
754 3433 855 3498 futuri,
877 3433 954 3504 qnod
984 3453 1039 3504 ego
1058 3434 1153 3489 Lucas
1180 3435 1215 3490 de
1235 3431 1405 3493 Clanefelde

251 3548 257 3560 ·
361 3518 438 3584 dedi,
458 3518 597 3584 concessi,
618 3525 648 3573 et
664 3518 719 3572 hac
736 3517 875 3589 praeseuti
893 3525 973 3573 carta
990 3536 1056 3573 mea
1073 3519 1252 3585 confirmavi,
1272 3520 1406 3577 Waltero

362 3603 423 3658 filio
441 3622 515 3668 meo,
535 3622 588 3675 pro
607 3602 726 3658 seruitio
745 3621 798 3656 suo
825 3608 856 3657 et
879 3603 1026 3673 homagio,
1046 3621 1134 3658 unam
1152 3604 1299 3677 virgatam
1317 3613 1405 3661 terrae

360 3688 392 3742 in
409 3688 481 3743 villa
498 3687 534 3742 de
556 3687 704 3741 Redeham
731 3705 797 3740 cum
823 3686 956 3742 omnibus
974 3687 1158 3759 pertinentiis
1177 3691 1249 3755 suis,
1268 3697 1299 3745 et
1316 3709 1406 3746 unam

360 3790 457 3828 acram
475 3779 561 3828 terne
589 3790 654 3841 (rura
682 3789 712 3825 se
740 3770 870 3826 extendit
896 3790 983 3842 supra
1000 3773 1078 3827 viam
1101 3774 1186 3844 juxta
1212 3781 1321 3830 terram
1340 3794 1407 3847 qum

361 3857 418 3912 fnit
435 3855 555 3911 Ricardi
586 3855 616 3910 in
642 3854 714 3910 villa
738 3854 774 3908 de
800 3855 855 3910 Est
882 3856 1041 3922 Radoham,
1061 3864 1092 3913 et
1115 3859 1301 3916 medietatem
1323 3860 1406 3916 bosci

360 3942 419 3996 mci
446 3940 476 3996 iu
506 3939 663 4012 aquilonali
691 3946 772 4011 parte
802 3941 889 3995 unius
919 3941 975 3996 vias
1002 3961 1066 4012 quar
1096 3944 1178 3999 vadit
1204 3951 1233 4000 et
1259 3945 1341 4001 venit
1367 3945 1404 3999 dc

358 4026 443 4081 West
464 4024 635 4090 sideham,
662 4022 842 4078 habendam¹
870 4030 899 4079 ct
924 4026 1076 4081 tenendam
1104 4027 1161 4081 sibi
1186 4036 1216 4084 ot
1239 4029 1406 4084 haeredibus

358 4111 429 4175 suis,
456 4109 491 4163 dc
518 4127 565 4163 mo
590 4114 621 4163 et
646 4108 810 4163 haeredibus
836 4107 918 4172 meis,
946 4108 1049 4175 libere,
1070 4111 1177 4181 quiete,
1205 4112 1288 4178 bene,
1315 4119 1349 4168 et
1374 4113 1406 4168 in

357 4209 437 4265 pace.
1133 4236 1135 4240 .

392 4275 548 4332 Reddeudo
561 4277 633 4332 mihi
645 4275 713 4332 inde
725 4294 777 4349 por
795 4294 902 4332 annum
914 4276 995 4333 xviii.
1016 4278 1150 4335 denarios
1169 4298 1242 4350 qnos
1256 4280 1404 4339 liebertus

356 4359 460 4416 Rufina
485 4359 640 4432 aliquando
665 4360 777 4417 solebat
802 4359 923 4416 reddere
951 4362 988 4416 ad
1012 4363 1121 4418 festum
1147 4363 1231 4420 Beati
1249 4365 1405 4422 Michaelis

354 4463 411 4517 pro
429 4445 508 4500 omni
527 4446 647 4501 servitio
666 4451 697 4500 et
719 4445 937 4510 consuetudine,
953 4446 1033 4501 salvo
1047 4448 1168 4503 servitio
1186 4448 1297 4504 domini
1314 4450 1407 4521 regis.

354 4529 393 4584 Et
412 4529 437 4585 si
452 4530 527 4584 forte
538 4530 706 4585 humanitus
726 4530 761 4584 de
774 4529 913 4601 praedicto
925 4530 1056 4586 Waltero
1075 4532 1234 4609 contigerit
1252 4533 1331 4606 quod
1348 4553 1408 4591 non

361 4669 653 4679 -------.-—--
728 4659 730 4663 ’
869 4670 1032 4678 ----u—-—--
1054 4672 1088 4678 ---
1132 4675 1153 4677 m
1184 4676 1187 4679 -
1214 4675 1245 4679 υ-
1286 4678 1289 4680 v
1313 4677 1319 4680 -

509 4752 515 4781 ¹
534 4750 609 4801 Alter
620 4747 753 4799 110100ὼο
764 4748 834 4801 there
845 4748 977 4814 isaslight
987 4763 1085 4801 erasum
1096 4750 1123 4801 in
1133 4752 1176 4803 the
1187 4752 1244 4804 Ms.
