3218 5640
370 783 434 847 192
650 797 897 847 cssrumnmn
917 798 1127 848 nonssrssu
1176 869 1180 876 Ι

367 973 540 1047 predictum
567 973 713 1029 redditum
738 993 806 1030 cum
833 976 1008 1031 omnimodis
1039 975 1224 1047 pertinentiis
1250 975 1312 1029 suis
1340 992 1417 1046 prse-

367 1061 435 1115 fatis
465 1057 614 1127 religiosis
634 1064 664 1113 et
682 1076 782 1113 eornm
800 1059 1018 1115 successoribus
1037 1058 1299 1121 warantizabimus,
1320 1065 1351 1112 et
1377 1059 1417 1113 de

367 1141 501 1198 omnibns
519 1142 658 1205 cervinis,
681 1143 777 1206 sectis,
797 1144 1005 1206 exactionibus,
1029 1150 1060 1197 et
1080 1141 1302 1213 quibuscunque
1321 1159 1415 1197 saeou·

365 1227 476 1282 laribus
495 1225 646 1279 domandis
664 1226 882 1296 aquietabimus
897 1233 927 1282 et
939 1226 1129 1282 defendemus
1148 1226 1179 1280 in
1196 1232 1383 1297 perpetuum,

403 1310 442 1365 Et
459 1315 492 1364 ut
509 1309 572 1363 hmo
589 1326 656 1362 mea
672 1307 798 1373 donatio,
819 1319 873 1364 etc.

714 1584 944 1652 DCCXLVII.
967 1585 1057 1652 Acie.

198 1771 268 1824 Au.
283 1780 345 1827 1²63
402 1767 502 1823 Sciant
518 1772 677 1839 praesentes
696 1773 725 1822 et
744 1769 846 1832 futuri,
861 1768 940 1839 quod
957 1786 1012 1838 ego
1031 1768 1225 1840 Reginaldns,
1245 1768 1302 1823 Dei
1315 1767 1415 1839 gratia

197 1844 290 1893 ’ΠΜ
365 1852 453 1907 obbas
478 1858 509 1907 et
534 1859 692 1906 conventus
712 1851 812 1907 Sancti
839 1852 921 1907 Petri
940 1850 1140 1916 Gloucestriae,
1161 1852 1358 1908 concessimus
1383 1858 1416 1906 et

200 1919 318 1974 &3⁰¹2
364 1934 538 1990 tradidimus
574 1935 717 2004 magistro
746 1935 842 1989 Alano
872 1935 908 1989 de
938 1934 1108 1989 Bromfelde
1139 1942 1170 1990 et
1198 1935 1314 1989 Edithae
1343 1934 1416 1988 filiae

363 2018 505 2073 Willelmi
532 2019 702 2073 cementarii
729 2018 765 2072 de
793 2019 963 2073 Bromlelde
989 2020 1074 2074 uxori
1104 2037 1175 2082 suae,
1194 2019 1302 2090 viginti
1330 2035 1415 2073 acras

363 2109 450 2158 terrae
468 2120 535 2157 cum
552 2103 737 2174 pertinentiis
763 2102 794 2155 in
819 2102 891 2156 villa
917 2103 954 2156 (le
972 2102 1055 2166 Acie,
1077 2121 1149 2172 qrias
1175 2102 1266 2174 Hugo
1284 2101 1321 2155 de
1339 2101 1415 2156 Acle

365 2185 511 2257 quondam
528 2187 612 2241 nobis
630 2192 659 2240 et
677 2186 821 2256 prioratui
845 2192 946 2240 nostro
969 2186 1006 2239 de
1024 2186 1193 2241 Bromlelde
1211 2187 1364 2257 inpurum
1383 2190 1416 2240 et

364 2282 535 2346 perpetuam
560 2274 749 2328 elemosinam
775 2273 866 2328 dedit.
905 2273 1110 2329 concessimus
1136 2274 1225 2328 etiam
1243 2281 1273 2328 et
1290 2271 1417 2328 tradidi-

364 2375 430 2412 mus
455 2358 550 2412 eidem
568 2357 662 2411 Alsno
681 2366 710 2410 et
728 2356 878 2426 praedicte
896 2358 981 2410 uxori
1009 2375 1070 2412 suae
1096 2357 1249 2411 dimidiam
1266 2356 1418 2427 virgatam

364 2448 451 2496 terrae
470 2442 501 2495 in
519 2441 590 2495 villa
607 2440 643 2493 de
663 2440 832 2493 Bromfelde
851 2457 918 2493 cum
944 2439 1142 2511 pertinentiis,
1162 2447 1193 2494 et
1209 2456 1301 2493 unum
1320 2456 1418 2494 essur-

364 2531 427 2580 tum
446 2525 524 2595 quod
542 2525 669 2577 continet
686 2540 775 2576 unam
793 2539 901 2584 acram,
920 2521 1060 2578 videlicet
1078 2521 1182 2577 decem
1200 2528 1231 2577 et
1248 2528 1314 2576 octo
1332 2539 1418 2576 acras

362 2615 451 2663 terrae
469 2626 542 2679 quas
560 2606 726 2661 llillelmus
745 2604 940 2659 cementarius
959 2605 995 2659 de
1014 2607 1098 2660 nobis
1117 2612 1147 2660 et
1163 2606 1297 2677 prioratu
1314 2611 1419 2660 nostro

363 2690 400 2745 de
418 2690 585 2745 Bromlelde
603 2688 758 2759 aliquando
775 2690 870 2743 tenuit
887 2689 918 2742 in
930 2689 1090 2759 villensgio
1107 2707 1173 2743 cum
1193 2688 1271 2743 dicto
1289 2694 1418 2752 asserto,

363 2782 396 2829 et
412 2773 484 2828 alias
503 2773 616 2827 scilicet
633 2771 733 2825 decem
752 2776 783 2825 et
799 2779 865 2827 octo
883 2789 965 2825 acras
978 2778 1065 2826 terrae
1082 2790 1155 2842 quas
1174 2771 1310 2842 Rogerus
1329 2770 1418 2825 Belle

364 2856 510 2927 quondam
528 2855 564 2909 de
582 2855 664 2909 nobis
690 2855 786 2908 tenuit
812 2856 842 2907 in
868 2855 1039 2926 villenagio‚
1059 2861 1179 2926 excepto
1206 2853 1335 2926 quodam
1352 2871 1416 2910 me·

364 2939 469 3009 suagio
486 2938 565 3008 qnod
581 2938 665 2992 nobis
683 2943 714 2991 et
731 2938 809 2992 dicto
819 2938 963 3008 prioratui
974 2946 1074 2992 nostro
1086 2946 1227 3009 perpet-uo
1245 2938 1413 2993 retinemus

364 3028 395 3078 et
411 3019 615 3076 reservamus.¹
652 3021 800 3074 Praeterea
812 3021 1010 3075 concessimus
1023 3021 1133 3075 eisdem
1148 3020 1316 3091 quindecim
1329 3038 1417 3077 acras

364 3112 452 3161 terre
476 3122 543 3159 cuni
568 3103 752 3175 pertinentiis
778 3103 815 3157 de
840 3104 1000 3174 villenagio
1026 3122 1099 3174 quas
1126 3103 1273 3159 Ricardus
1298 3103 1328 3158 le
1346 3103 1416 3160 Duo

364 3187 510 3260 qnondam
528 3187 565 3241 de
582 3187 665 3240 nobis
690 3188 785 3241 tenuit
803 3188 835 3240 in
852 3187 925 3241 rills
942 3187 979 3241 de
997 3187 1184 3253 Bromlelde3
1209 3187 1365 3242 tenendum
1384 3193 1417 3242 et

362 3270 525 3327 hsbeudsm
543 3284 634 3325 totam
652 3269 760 3324 dictam
778 3284 888 3324 terrem
900 3288 968 3324 cum
983 3272 1168 3341 pertinentiis
1186 3272 1258 3335 suis,
1272 3270 1310 3324 de
1327 3271 1416 3326 nobis

362 3362 393 3410 et
410 3353 628 3409 suecessoribus
647 3354 766 3415 noscis,
786 3353 844 3406 sibi
869 3364 900 3407 et
925 3353 1012 3408 dietae
1038 3354 1154 3407 Editliae
1180 3355 1265 3408 uxori
1289 3372 1363 3419 sum,
1384 3361 1418 3410 et

362 3437 413 3492 uni
430 3455 522 3509 puero
540 3437 577 3491 ab
595 3437 667 3508 ipsis
685 3442 845 3507 pnicreato.
859 3437 951 3490 libere
969 3451 999 3492 et
1017 3439 1125 3508 quiete.
1138 3435 1176 3491 sd
1189 3438 1280 3491 ritum
1290 3437 1417 3493 illorum

360 3528 483 3576 tentum.
515 3520 720 3574 Concessimus
732 3521 820 3572 etiam
833 3519 912 3574 dicto
924 3520 1029 3583 Aluna,
1045 3532 1075 3575 et
1087 3521 1173 3575 dictae
1186 3520 1303 3575 Edithoe
1315 3523 1414 3588 uxori,

361 3605 388 3659 si
415 3622 482 3659 cum
508 3605 713 3675 summiserit.
733 3603 812 3673 quod
837 3604 863 3657 si
888 3604 1036 3658 voluerint
1064 3620 1131 3675 post
1156 3606 1248 3659 vitam
1278 3606 1417 3676 ipsorum

361 3686 470 3742 dietam
488 3700 595 3741 terram
619 3686 733 3740 duobus
759 3687 860 3756 pueris
887 3688 949 3740 suis
976 3688 1116 3742 masculis
1133 3688 1181 3741 rel
1208 3689 1356 3743 ioemineis
1375 3689 1415 3744 de

360 3770 439 3826 diets
461 3771 567 3824 Editus
595 3771 753 3841 nummatis
781 3771 943 3839 migma,
963 3772 1007 3824 eis
1033 3771 1107 3824 bene
1132 3772 1242 3834 licebit,
1262 3773 1307 3827 ita
1333 3774 1417 3844 quud

361 3856 601 3925 perscrutinium
620 3855 688 3907 rim·
706 3854 907 3923 cujuscunque
924 3855 1009 3924 pueri
1036 3856 1086 3923 qui
1115 3857 1198 3925 prins
1223 3855 1334 3911 obierit
1349 3863 1418 3913 tota

360 3936 440 3993 diets
458 3952 536 3992 terra
554 3955 622 3991 eum
640 3936 772 3990 edificiis
799 3952 827 3989 e:
852 3938 932 3989 omni
950 3937 1151 3991 melioratione
1170 3941 1357 4010 superposita
1375 3941 1417 3996 ad

359 4038 413 4075 nris
431 4021 493 4075 sine
518 4020 617 4090 eliqua
642 4019 871 4073 contradictione
895 4020 942 4072 π’.
969 4019 1077 4073 elmio
1101 4022 1224 4076 alterius
1250 4024 1337 4093 pueri
1362 4023 1415 4079 vel

358 4104 484 4175 alicujus
515 4104 629 4171 intem
659 4114 832 4155 revertatur.
878 4100 911 4156 Si
941 4120 1013 4156 vero
1042 4103 1139 4158 them
1163 4105 1278 4159 Alsnns
1296 4107 1415 4178 absque

358 4187 475 4242 hwile
500 4185 536 4239 de
555 4186 631 4240 ‹bc-ts
659 4185 766 4239 Ediths
788 4203 878 4238 uxore
896 4203 949 4239 sus
974 4204 1128 4256 pateream
1145 4189 1317 4252 decesserit,
1343 4197 1417 4261 post

359 4270 446 4324 niam
465 4270 532 4323 sits
551 4268 637 4322 dier-e
655 4268 770 4322 Eri—:rnn-
788 4269 888 4322 uxoris
916 4286 978 4322 sue
996 4286 1058 4324 tem
1075 4271 1154 4325 dim
1172 4287 1262 4336 rem,
1281 4279 1316 4327 ut
1333 4292 1414 4344 prie-

359 4351 469 4407 dietum
487 4368 542 4406 cst„
562 4351 598 4404 ad
617 4369 669 4404 nes
687 4353 802 4420 integre
821 4366 995 4405 ratricem.

396 4433 554 4489 tinniente
586 4433 653 4487 iude
685 4436 835 4488 annuatim
865 4437 1009 4505 urionem
1038 4454 1140 4491 resno
1168 4438 1206 4492 de
1236 4439 1415 4498 Brumfelde

651 4721 1117 4788 ἀηυηυωξκςωὶὴὶέὲ
