3218 5640
362 780 405 844 48
650 793 900 846 csentinssmu
923 794 1132 845 nonnsrssu

753 1069 811 1136 DI.
835 1069 883 1135 De
905 1070 1023 1138 melem

194 1222 264 1277 Μ).
277 1227 350 1275 1126.
397 1225 479 1297 Εςοι
507 1224 673 1280 Radbertus
699 1224 777 1280 filius
802 1225 925 1281 Walteri
953 1232 983 1280 et
1007 1225 1132 1281 Avelina
1156 1244 1229 1282 uxor
1253 1245 1319 1284 mee
1342 1246 1410 1285 oon·

196 1302 235 1354 0¹⁴
240 1303 283 1354 the
362 1309 493 1365 cedimus
512 1309 583 1373 Deo,
603 1316 633 1365 ct
652 1309 757 1364 Sancto
776 1309 873 1373 Petro,
894 1317 924 1365 et
935 1309 1085 1366 Willehuo
1103 1311 1200 1366 abbati
1213 1318 1243 1367 et
1254 1315 1409 1369 conventui

262 1406 271 1420 ⁰
363 1395 400 1449 dc
418 1392 609 1457 Gloucestria,
629 1394 782 1449 ecclesiam
801 1394 837 1449 de
849 1395 984 1450 Nortuna
1001 1412 1067 1449 cum
1085 1396 1173 1450 terris
1192 1403 1223 1451 et
1239 1396 1361 1452 decimis
1380 1406 1410 1453 ct

302 1488 308 1501 ·
362 1478 449 1533 rebus
476 1478 610 1533 omnibus
636 1477 731 1532 eidem
758 1478 890 1533 ecclesias
917 1479 1140 1549 pertinentibus,
1170 1482 1247 1535 sicut
1276 1482 1410 1537 Emelins

362 1568 456 1616 mater
472 1562 605 1618 Avelinae
624 1563 667 1616 eis
685 1561 813 1617 donavit.
851 1563 890 1616 Et
906 1563 1042 1618 volumus
1061 1571 1095 1619 ut
1112 1564 1195 1631 bene,
1215 1572 1246 1620 et
1271 1564 1300 1620 in
1326 1584 1407 1636 pace,

362 1653 392 1702 et
409 1647 566 1702 honorifice
585 1652 713 1702 teneant.
750 1647 837 1703 'Peste
856 1654 911 1702 ete.

686 1923 766 1990 DII.
791 1924 838 1988 Dc
861 1923 953 1988 Nero
975 1924 1096 2009 Burpo.

305 2113 314 2125 ·
396 2077 570 2152 R[obcrtus]
590 2079 670 2150 regis
698 2079 785 2143 filins,
807 2078 998 2135 Gloucestrioe
1023 2080 1132 2145 consul,
1160 2081 1195 2137 R.
1224 2080 1311 2137 Norr’
1331 2083 1407 2139 vice·

252 2191 257 2203 ·
361 2165 461 2220 comiti
479 2170 510 2218 et
527 2163 685 2234 preposito
703 2163 739 2218 de
760 2163 866 2218 Sancto
884 2162 1026 2228 Guudleo,
1048 2164 1182 2220 salutem.

397 2249 503 2304 Sciatis
521 2266 569 2302 me
587 2248 763 2303 concessisse
783 2248 883 2302 Picotc
901 2248 1049 2319 capellano
1061 2266 1136 2314 meo,
1150 2248 1228 2321 quod
1245 2250 1409 2321 hospitetur

362 2341 469 2388 terrem
488 2350 571 2388 suam
591 2350 655 2403 qum
674 2338 719 2386 est
737 2333 813 2386 inter
830 2332 956 2402 burgum
982 2350 1080 2386 meum
1106 2339 1136 2387 et
1163 2334 1324 2389 eeclesiam.
1370 2335 1409 2390 Et

362 2419 388 2473 si
405 2417 568 2488 burgenses
586 2416 644 2470 mci
664 2416 757 2486 quieti
776 2421 844 2470 sunt
861 2415 898 2469 de
916 2415 1147 2480 consuetudine,²
1165 2425 1195 2472 et
1212 2419 1259 2473 sui
1277 2419 1409 2473 homines

362 2502 421 2559 sint
440 2502 542 2572 quieti.
585 2500 625 2556 Et
644 2500 768 2557 ecclesia
787 2499 893 2555 habeat
904 2500 971 2557 inde
984 2517 1102 2557 censum
1115 2519 1201 2557 suum
1221 2502 1298 2558 sicut
1315 2502 1408 2564 habeo

362 2586 399 2644 de
416 2585 612 2656 burgensibus
631 2585 713 2640 rucis.
751 2583 837 2640 'Peste
856 2591 911 2640 ete.

682 2855 778 2921 DIII.
803 2855 891 2922 Atta
913 2856 953 2922 cle
976 2857 1094 2924 coalent.

191 3023 261 3075 Μ).
276 3030 339 3078 118⁵
390 3015 609 3089 W[illelmus],³
621 3018 676 3073 Dei
689 3019 787 3089 gretie
799 3018 996 3075 Laudavcnsis
1009 3020 1171 3091 episcopus,
1185 3021 1406 3088 archidiaconis,

192 3096 283 3143 4¹⁹¹·
361 3103 489 3168 decanis,
510 3103 652 3174 personis,
672 3103 801 3167 vicariis,
822 3109 852 3157 et
869 3103 1004 3158 omnibus
1024 3103 1137 3158 Sancto
1150 3104 1289 3161 Ecclesiae
1317 3106 1408 3161 tideli-

191 3251 267 3288 mlle.

193 3168 281 3220 ΟΜΝ
361 3188 417 3244 bus
447 3189 477 3243 in
508 3188 676 3259 episcopatu
706 3186 888 3241 Landevensi
918 3186 1084 3243 constitutis
1114 3187 1150 3242 sd
1176 3207 1248 3259 quos
1278 3208 1408 3262 praeseus

361 3272 504 3343 scriptum
521 3271 696 3344 pervenerit,
717 3269 851 3336 salutem,
872 3271 1008 3341 gratiam,
1029 3278 1058 3326 et
1075 3271 1318 3328 benedictionem.

394 3356 519 3412 Noverit
543 3356 720 3411 universitas
744 3361 852 3419 vestra,
877 3355 954 3425 quod
978 3354 1144 3411 Willelmus
1167 3356 1203 3411 de
1228 3357 1406 3430 Beudengie,

359 3446 457 3496 custos
487 3439 600 3495 castelli
630 3439 666 3494 de
695 3437 780 3494 Novo
810 3438 911 3509 Bnrgo
939 3438 1124 3505 constitutus,
1152 3446 1316 3514 contempto
1338 3444 1408 3514 jure

358 3523 490 3581 matricis
509 3523 640 3578 ecclesiae
665 3521 702 3578 de
728 3521 813 3577 Novo
840 3521 951 3593 Burgo,
972 3539 990 3576 a
1007 3540 1066 3593 qua
1093 3524 1205 3594 capella
1231 3527 1345 3582 castelli
1369 3528 1407 3583 ab

359 3610 424 3680 ipsa
441 3608 610 3664 fundatione
635 3607 788 3662 servitium
807 3623 894 3661 suum
911 3607 1061 3677 percipere
1089 3617 1288 3675 consueverat,
1313 3612 1408 3683 ipsam

358 3693 500 3765 capellam
512 3709 565 3764 per
576 3691 728 3763 proprium
740 3690 922 3762 capellanum
935 3690 1004 3744 fecit
1015 3689 1167 3756 deserviri,
1181 3694 1408 3752 reclamantibus

358 3777 506 3833 monachis
535 3775 736 3838 Gloucestriae,
763 3781 794 3829 et
819 3773 916 3844 Helya
940 3774 1057 3838 decano,
1087 3776 1138 3846 qui
1164 3794 1264 3832 eorum
1291 3782 1408 3836 nomine

358 3863 511 3918 ecclesium
539 3861 575 3915 de
601 3860 686 3915 Novo
713 3858 815 3929 Burgo
840 3857 1015 3929 possidebat,
1036 3864 1065 3913 et
1092 3859 1123 3914 id
1147 3861 1178 3914 in
1203 3862 1407 3933 prejudicium

357 3946 489 4001 matricis
508 3944 639 4000 ecclesius
650 3943 715 3997 fieri
727 3941 979 4013 conquerentibus
1018 3941 1180 4014 Superque
1192 3962 1259 4000 cum
1271 3949 1407 4004 monachi

358 4031 465 4103 saepius
484 4047 501 4084 u
518 4029 602 4084 nobis
617 4028 765 4099 justitiam
782 4025 987 4099 postulassent,
1008 4033 1038 4081 ct
1055 4026 1144 4081 ctiam
1163 4028 1277 4086 litteras
1296 4031 1407 4087 domini

357 4110 529 4185 B[aldwini]
557 4111 777 4167 Cantuariensis
803 4110 1015 4180 archiepiscopi
1043 4109 1078 4164 de
1100 4110 1218 4181 justitia
1245 4113 1302 4168 sibi
1328 4117 1407 4170 exhi·

356 4197 451 4252 benda
467 4197 651 4262 detulissent,
664 4195 782 4251 tandem
799 4199 976 4249 memoratus
988 4193 1154 4250 Willelmus
1173 4195 1208 4250 de
1226 4197 1405 4271 Bendeugis,

357 4282 517 4337 assertione
536 4286 567 4336 et
583 4279 751 4336 testimonio
769 4277 901 4333 fidelium
917 4276 1048 4333 virorum
1067 4277 1103 4333 de
1118 4278 1187 4349 jure
1199 4282 1408 4340 monachorum

392 4516 399 4545 ¹
416 4513 485 4564 Vide
496 4513 539 4563 the
549 4512 666 4563 calendar
682 4511 713 4561 of
725 4509 856 4562 donatione
939 4496 950 4526 ¹
966 4494 1146 4561 ‘mssffldlml
1177 4499 1407 4561 θθῦὓῦθῒῦθῖΰᾱῑῦθ,

359 4618 497 4683 (unte,vol.
509 4617 526 4667 i.
545 4633 568 4681 p.
583 4619 652 4680 lca).
672 4616 738 4665 from
755 4614 857 4665 whence
908 4573 955 4624 MS

941 4610 1082 4702 ’‘Williem
1094 4653 1125 4703 of
1133 4653 1272 4706 Seltmarsh
1285 4657 1407 4723 (Lenem,

267 4747 271 4754 ·
358 4724 372 4776 1
383 4724 447 4775 hue
458 4722 572 4790 supplied
584 4722 626 4771 the
636 4719 760 4785 marginal
772 4720 834 4769 dute.
907 4731 956 4783 ,οι
968 4731 995 4781 15,
1009 4748 1032 4796 p,
1046 4735 1115 4796 2⁴2).
