3218 5640
373 747 416 809 40
664 760 912 809 casrarasrmr
934 763 1145 811 nosasraarr

376 933 482 1003 graphi
508 934 671 988 conloetum
694 942 749 1000 est,
769 937 854 1006 cajus
879 926 967 992 unam
992 944 1104 1007 partem
1130 936 1230 1006 sigillo
1248 936 1340 1007 ipsius
1360 934 1425 1007 [Je-

376 1013 493 1086 hannis]
509 1016 673 1072 roboratam
691 1036 780 1089 penes
799 1039 851 1074 nos
877 1021 1062 1084 retinuimus,
1083 1020 1205 1075 alteram
1224 1038 1294 1075 vero
1311 1028 1425 1090 partem

377 1100 477 1238 sigillo
494 1100 624 1156 ecclesia
642 1108 748 1158 nostras
767 1104 918 1169 munitam,
939 1105 1033 1159 eidem
1051 1103 1234 1160 tradidimus.
1280 1104 1348 1160 Hiis
1366 1110 1424 1160 tes·

378 1184 399 1240 ti
423 1203 465 1240 us.

394 1445 718 1513 CCOOLXXXVII.
752 1445 975 1531 Corajiramtio
989 1445 1128 1513 ecclesia
1151 1445 1191 1512 ‹lc
1213 1443 1409 1512 Nortlalcclze

779 1550 822 1633 [ct
845 1548 1024 1634 alisiam}

214 1708 283 1760 Aa).
299 1715 369 1767 1215,
415 1709 566 1764 Universis
594 1709 708 1763 Sancta)
734 1707 839 1761 Matris
866 1707 1007 1763 Ecclesiae
1034 1708 1103 1762 tiliis
1135 1707 1173 1761 ad
1198 1725 1270 1778 quos
1295 1724 1424 1778 praesens

213 1776 329 1827 ΝΜΟ·
380 1793 522 1864 scriptum
549 1792 724 1864 pervenerit,
744 1790 901 1856 Walterus,
928 1792 983 1846 Dei
1007 1792 1104 1862 gratia
1121 1792 1342 1863 Wygornicnsis
1365 1792 1426 1862 epi·

216 1855 255 1906 of
261 1856 353 1906 North·

212 1922 308 2038 lceffieh
319 1997 369 2041 and
414 1962 463 2016 Ad
480 1961 614 2017 notitiam
627 1967 754 2015 vestram
773 1961 908 2015 volumus
927 1961 1088 2031 pervenire,
1109 1978 1161 2015 nos
1180 1967 1289 2015 cartam
1308 1977 1425 2015 vonera-

213 2055 305 2108 others
379 2045 448 2101 bilis
471 2044 694 2117 praedecessoris
721 2043 812 2098 nostri
839 2043 1007 2114 Sampsonis
1034 2043 1179 2114 quondam
1204 2043 1426 2115 Wygorniensis

379 2130 508 2202 episcopi
528 2129 697 2200 inspexisse,
717 2128 911 2182 continentem
929 2128 1003 2183 hanc
1023 2129 1145 2182 sormam
1157 2151 1202 2182 :--

213 2215 281 2265 AJ).
297 2220 368 2277 lloo,
414 2213 566 2269 Universis
593 2212 706 2268 Sancta
736 2212 841 2266 Matris
871 2212 1011 2266 Ecclesire
1041 2212 1110 2266 filiis
1138 2212 1175 2266 ad
1200 2229 1272 2282 quos
1298 2229 1426 2282 praesens

213 2283 327 2347 ΜΨ·
379 2299 521 2370 scriptum
541 2296 716 2369 persensiit,
743 2296 894 2366 Sampson,
920 2296 975 2349 Dei
1001 2296 1098 2366 gratia
1124 2296 1345 2367 Wygorniensis
1366 2296 1426 2366 epi-

214 2365 302 2416 ⁰sth²
378 2400 492 2453 scopus,
512 2383 635 2436 salutem
654 2380 684 2434 in
702 2379 835 2434 Domino.

212 2446 288 2483 'ame'
413 2465 538 2521 Noverit
564 2464 740 2519 universitas
767 2471 865 2518 vestra
882 2481 944 2527 nos,
965 2482 1022 2518 una
1048 2483 1116 2518 cum
1134 2462 1350 2518 venerabilibus
1369 2463 1426 2516 sra-

377 2550 472 2605 tribas
484 2549 592 2604 nostris
604 2547 729 2602 dominis
743 2545 891 2601 Gundulfo
907 2546 1045 2611 Roll'ansi,
1060 2547 1190 2601 Gerardo
1205 2546 1424 2611 Heresordousi,

378 2643 408 2689 ct
431 2633 549 2687 Hervco
575 2631 784 2702 Bangornensi,
812 2631 1000 2702 coepiscopis,
1026 2649 1101 2686 anno
1125 2631 1243 2686 Domini
1269 2630 1426 2685 millesimo

378 2717 545 2780 centesimo,
566 2722 631 2770 aute
644 2721 824 2778 autumnum,
841 2713 938 2769 idibus
958 2715 977 2768 J
979 2713 1051 2778 ulii,¹
1070 2714 1223 2769 ecclesiam
1242 2732 1329 2785 quam
1341 2731 1426 2768 reue·

377 2800 479 2856 rabilis
497 2799 585 2854 abbas
605 2798 687 2855 Serlo
705 2798 736 2852 iu
753 2799 825 2852 villa
843 2798 1007 2853 Glavomriso
1026 2817 1044 2852 a
1061 2797 1257 2853 fundamentis
1276 2804 1425 2853 construx-

378 2891 450 2949 erat,
471 2883 621 2938 dedicasse
640 2888 671 2937 et
688 2900 872 2938 consecrasse
885 2882 915 2936 in
927 2883 1034 2937 honoro
1047 2882 1206 2937 Beatorum
1217 2881 1425 2953 Apostolorum

378 2969 459 3024 Petri
478 2973 509 3024 ct
525 2967 620 3033 Pauli,
640 2984 707 3022 cum
726 2966 886 3022 multorum
904 2965 1075 3037 populorum
1099 2966 1265 3037 frequentia
1288 2971 1318 3020 et
1340 2966 1426 3022 devo·

377 3054 465 3109 tione.

414 3138 453 3193 Et
480 3137 550 3209 quia
577 3135 740 3192 invenimus
765 3136 919 3208 praefatum
944 3136 1094 3192 Serlonem
1117 3136 1252 3192 abbatem
1269 3136 1425 3209 plusquam

378 3221 530 3293 sexaginta
554 3221 658 3276 fratres
688 3220 800 3276 ordinis
824 3219 923 3276 Sancti
950 3219 1103 3275 Benedicti
1132 3221 1163 3274 in
1192 3220 1270 3275 dicto
1295 3222 1426 3276 coenobic

379 3305 543 3362 Gloverniae
555 3322 748 3377 congregasse
768 3304 885 3360 Christo
903 3310 1043 3375 perpetuo
1062 3304 1233 3370 servituros,
1253 3323 1306 3359 noc
1319 3304 1426 3360 habent

378 3390 489 3461 praedia
517 3394 547 3445 et
573 3390 772 3461 possessiones
805 3388 881 3443 unda
906 3394 1054 3444 tantorum
1079 3390 1203 3444 fratrum
1227 3407 1366 3444 numerus
1385 3389 1426 3444 ibi

377 3492 444 3530 cum
462 3474 560 3529 debito
578 3474 685 3529 honore
712 3478 811 3544 posset
835 3473 1002 3538 sustentari,
1022 3491 1084 3536 nos,
1104 3473 1210 3527 diviua
1236 3473 1366 3529 caritatis
1385 3475 1427 3529 in·

376 3559 464 3624 tuitu,
483 3564 515 3614 et
531 3558 569 3614 ad
580 3559 787 3631 praedictorum
805 3557 1007 3628 episcoporum
1018 3564 1049 3612 et
1060 3557 1097 3612 ad
1108 3556 1267 3612 multorum
1285 3557 1426 3613 nobilium

378 3642 486 3698 ibidem
504 3643 694 3714 praesentium
716 3642 885 3697 instantiam
910 3649 940 3695 ct
968 3641 1160 3706 devotionem,
1183 3640 1379 3696 concessimus
1397 3649 1427 3697 et

377 3727 553 3784 contulimus
571 3726 720 3798 praedictis
739 3725 836 3781 abbati
864 3731 895 3780 ct
919 3724 1059 3780 fratribus
1078 3724 1297 3780 Glovarniensis
1315 3744 1427 3781 monas·

377 3811 454 3875 terii,
475 3818 623 3867 eteorum
641 3809 867 3874 successoribus,
893 3808 930 3863 ad
953 3809 1112 3864 eorundem
1131 3810 1369 3866 sustentationem
1397 3816 1427 3866 et

377 3896 582 3967 hospitalitatis
616 3895 689 3950 inibi
722 3894 948 3964 ampliationem,
979 3892 1050 3949 haa²
1080 3893 1259 3965 subscriptas
1288 3895 1426 3950 ecclesias

377 3985 518 4050 perpetuo
545 3978 693 4034 habendas
718 3985 748 4034 et
772 3978 803 4032 in
826 3984 982 4049 perpetuos
1000 3997 1072 4033 usus
1093 3978 1317 4044 convertendas;
1346 3979 1426 4034 vide·

379 4064 448 4117 licet
468 4062 621 4119 ecclesiam
639 4063 675 4117 da
693 4061 890 4117 Northleclre³
913 4081 980 4117 cum
998 4062 1132 4117 omnibus
1151 4062 1273 4117 decimis
1291 4069 1321 4117 et
1338 4064 1427 4133 perti·

377 4146 484 4202 nentiis
503 4147 580 4211 suis3
600 4147 753 4202 eeclesiam
772 4146 808 4199 da
830 4146 998 4201 Stancdissc
1017 4165 1084 4201 cum
1102 4145 1236 4201 omnibus
1257 4146 1378 4202 decimis
1396 4154 1427 4203 et

378 4227 511 4281 omnibus
537 4227 624 4281 rebus
648 4225 685 4281 ad
709 4227 803 4297 ipsam
827 4225 1059 4297 pertinentibus;
1088 4226 1241 4280 ecclesiam
1260 4225 1295 4280 da
1313 4225 1426 4282 Harde-

378 4311 461 4382 pyric
491 4328 557 4365 cum
585 4310 718 4366 omnibus
743 4310 954 4382 pcrtinentibus
985 4309 1022 4365 ad
1047 4310 1186 4375 eandem3
1218 4309 1372 4366 eeclesiam
1389 4311 1426 4366 dc

380 1895 494 1948 scopus,
516 1879 639 1932 salutem
658 1877 689 1930 in
706 1877 749 1930 Eo
768 1876 818 1946 qui
837 1883 883 1931 est
900 1894 970 1930 vera
988 1877 1076 1930 salus,

413 4531 420 4562 ¹
439 4532 506 4583 vide
525 4530 637 4582 Historia
657 4534 734 4597 (cate,
752 4533 801 4583 vol.
815 4532 830 4584 i.
851 4548 874 4598 p.
960 4533 1016 4582 ¹ln
1034 4531 1076 4581 tho
1093 4532 1192 4598 margin
1209 4531 1268 4582 herc
1283 4531 1306 4582 ie
1317 4529 1426 4585 inseret

382 4614 432 4675 12).
926 4612 953 4662 in
965 4628 980 4663 a
991 4613 1054 4663 later
1064 4612 1140 4673 hand,
1151 4608 1303 4662 Normlerlre.

413 4694 423 4723 ²
437 4692 496 4760 iras]
515 4693 583 4754 haas,
596 4691 651 4744 MS.
