3218 5640
515 768 540 817 s
565 768 667 817 sunu
691 766 945 817 omucrsrarm
1183 750 1252 820 287

202 946 240 1001 ad
259 947 366 1000 festum
386 944 485 999 Sancti
505 943 659 998 Michaelis
678 945 808 1015 quinque
830 943 948 1009 solidos,
971 943 1008 997 ad
1026 944 1133 999 festum
1154 943 1251 997 Sancti

202 1031 327 1085 Andreae
340 1030 470 1100 quinque
489 1029 607 1092 solidos
622 1036 652 1083 et
669 1030 706 1083 ad
719 1029 827 1083 festum
839 1029 1080 1083 Auuuuciatiouis
1093 1028 1253 1082 Dominicae

202 1117 332 1188 quinque
357 1114 476 1179 solidos,
501 1132 554 1185 pro
578 1115 657 1167 omni
692 1116 824 1178 servitia,
849 1120 969 1185 excepto
993 1113 1087 1184 regali
1112 1114 1251 1177 serriti03

201 1211 233 1254 ct
256 1200 345 1254 salvis
370 1199 453 1252 uobis
478 1212 508 1251 ct
531 1199 750 1253 successoribus
773 1199 882 1253 uostris
907 1205 987 1252 secta
1010 1199 1109 1261 curia),
1136 1198 1251 1259 wardis,

201 1284 331 1348 releviis,
354 1283 530 1354 maritagiis,
552 1283 686 1346 heristis,
709 1283 864 1346 eschaetis,
887 1292 917 1337 et
938 1282 1072 1336 omuibus
1096 1283 1163 1336 aliis
1188 1300 1254 1352 quaa

201 1368 239 1423 ad
256 1386 309 1422 nos
329 1367 375 1422 rel
388 1384 574 1421 successores
589 1374 705 1421 nostros
724 1369 870 1437 pertinere
890 1368 1036 1437 poterunt,
1051 1367 1096 1420 vel
1110 1367 1252 1429 accidere,

202 1453 233 1507 in
251 1459 435 1524 perpetuum.
473 1452 556 1505 Idem
576 1470 655 1516 vero,
676 1460 732 1507 cte.
771 1452 903 1506 Eandem
922 1451 1119 1516 securitatem,
1139 1462 1194 1506 cte.

239 1537 275 1592 Iu
293 1538 377 1609 cujus
396 1538 440 1592 rei
459 1537 669 1602 testimouium,
689 1542 743 1592 ete.
782 1536 851 1591 Hiis
870 1536 1004 1592 testibus.

476 1727 734 1794 DCCCLXXX
758 1725 933 1793 Staaltttse.

239 1854 393 1910 Universis
413 1854 524 1910 Christi
544 1856 680 1910 fidelibus
707 1856 744 1910 ad
770 1874 843 1927 quos
869 1873 999 1928 praescus
1028 1856 1170 1926 seriptum
1188 1873 1253 1926 per-
1266 1846 1335 1901 M)-
1351 1855 1413 1900 ¹2⁶3

202 1940 326 2005 venera,
346 1939 539 2011 manian,
554 1941 610 1995 uei
623 1942 720 2012 gratia
732 1942 821 1996 abtas
841 1942 940 1997 Sancti
952 1941 1034 1996 Petu·
1048 1939 1251 2004 crotonias,
1265 1922 1357 2009 ⁴²3⁴·

204 2023 329 2078 salutem
349 2025 379 2078 in
397 2024 531 2079 Domino.
1266 1995 1387 2112 mm

239 2085 431 2163 (lum'omnes
449 2109 582 2164 homines
604 2110 726 2163 manerii
752 2110 789 2164 de
816 2110 960 2181 Stauedys
985 2111 1077 2166 nativi
1106 2111 1197 2165 nostri
1216 2111 1253 2164 ad
1303 2104 1307 2111 ’
1332 2103 1336 2111 ’

203 2192 402 2247 molendinum
422 2200 554 2248 nostrum
574 2194 609 2248 dc
629 2194 775 2249 Stauhuse
799 2195 867 2264 jure
895 2204 1064 2250 tenerentur
1085 2195 1193 2248 molere
1224 2204 1251 2247 et

202 2296 239 2332 ex
256 2277 476 2341 consuetudine,
495 2297 547 2332 uos
574 2279 685 2333 eisdem
712 2281 837 2350 gratiam
862 2280 957 2333 facere
985 2280 1125 2341 volentes,
1153 2286 1253 2334 tenore

203 2363 356 2435 praesentis
384 2363 488 2433 scripti
507 2363 704 2429 concedimus,
736 2364 815 2434 quod
836 2363 872 2417 de
897 2370 1003 2418 castere
1021 2363 1058 2418 ad
1088 2364 1252 2418 molendina

203 2456 304 2502 nostra
330 2447 366 2500 de
395 2446 530 2501 Stancdis
557 2448 665 2501 molere
691 2449 804 2519 possint
829 2448 891 2501 sine
922 2448 1023 2519 aliqua
1051 2448 1197 2503 calumnia
1224 2460 1253 2503 ct

203 2530 440 2587 contradictione.
477 2532 516 2601 Et
542 2532 567 2585 si
593 2532 743 2602 contingat
770 2531 848 2602 quod
875 2532 912 2586 ad
939 2533 1017 2587 dicta
1034 2532 1198 2586 molendina
1217 2532 1253 2585 dc

204 2615 373 2671 Stanedisse
400 2616 499 2686 aliquo
525 2634 595 2671 casu
623 2617 790 2671 rationabili
816 2617 950 2688 impediti
968 2632 1116 2689 nequeant
1133 2618 1251 2681 molere,

203 2701 339 2756 volumus
358 2710 388 2754 et
406 2702 602 2765 concedimus,
624 2702 796 2773 quodfacto
813 2703 897 2756 nobis
916 2702 953 2756 ad
972 2703 1137 2757 molendina
1154 2711 1253 2757 nostra

203 2785 346 2857 praedicta
363 2787 441 2855 (ruod
465 2786 543 2855 juris
562 2787 652 2842 luerit
677 2794 707 2842 et
733 2787 962 2851 consuetudinis,
983 2788 1093 2842 molant
1117 2788 1167 2841 ulii
1196 2789 1372 2845 sinitaut

203 2870 309 2923 melius
323 2869 450 2925 viderint
462 2871 608 2941 expedire.
646 2872 706 2925 Pro
719 2873 772 2927 hac
791 2880 890 2927 autem
908 2873 1004 2943 gratia
1021 2878 1051 2926 ct
1068 2874 1252 2926 concessione

203 2954 365 3009 solventia
377 2956 522 3008 communi
536 2973 635 3009 omncs
654 2962 785 3011 tenentes
804 2957 876 3012 dicti
895 2958 1016 3011 manerii
1035 2958 1127 3010 nostri
1146 2976 1253 3010 annua·

202 3039 257 3094 tim
287 3044 352 3092 octo
383 3038 492 3093 solidos
522 3041 636 3108 argenti
668 3041 705 3094 ad
730 3041 803 3095 duos
829 3043 895 3095 anni
922 3043 1081 3105 terminos;
1116 3042 1253 3095 uidelicet

202 3123 390 3178 medietatem
419 3123 457 3176 ad
487 3123 593 3178 festum
624 3126 867 3179 Aununciationis
898 3124 1068 3190 Dominicae‚
1100 3132 1130 3180 ct
1165 3125 1251 3180 aliam

204 3207 392 3262 medietatem
411 3207 440 3259 iu
459 3208 535 3262 sesto
554 3208 653 3264 Sancti
671 3209 834 3263 Michaelis.

240 3291 275 3347 In
292 3293 378 3361 cujus
398 3291 451 3354 rei,
471 3303 529 3348 etc.

346 3487 622 3553 DCCCLXXXI.
645 3486 761 3564 Stoles,
783 3487 906 3553 seilicet
930 3489 970 3554 (Ie
992 3489 1107 3555 (recisa.

237 3618 342 3674 assisa
360 3619 442 3672 veuit
460 3618 649 3687 recognitum
667 3618 733 3688 quis
752 3617 908 3673 advocatus
932 3628 1062 3690 tempore
1079 3620 1161 3691 pacis
1180 3638 1252 3690 prae·
1266 3637 1420 3688 A.D.1221.

203 3704 332 3758 scutarit
350 3703 485 3757 ultimam
503 3720 668 3774 personam,
689 3720 754 3772 quae
773 3714 888 3756 mortua
906 3714 960 3766 est,
978 3704 1016 3758 ad
1034 3705 1187 3758 ecclesiam
1216 3704 1253 3758 de
1267 3714 1410 3767 Osstokeg,

203 3787 318 3849 Stolrcs‚
339 3805 405 3857 qum
424 3794 517 3849 raeat,
546 3795 580 3840 ut
606 3786 723 3849 dicitur,
744 3787 828 3856 cujus
856 3787 1074 3842 advocationem
1102 3788 1252 3842 Gilbcrtus

203 3871 240 3925 de
258 3871 337 3940 Lacy
356 3871 465 3924 elamat
492 3888 595 3925 sersus
621 3870 757 3924 abbatem
783 3869 985 3934 Glouccstriae,
1017 3873 1068 3942 qm
1096 3873 1175 3926 venit
1201 3891 1253 3941 per

201 3961 381 4010 attentatum
409 3973 494 4007 situm
520 3961 550 4008 et
576 3953 657 4016 dicit,
678 3953 756 4024 quod
783 3954 877 4007 assisa
903 3972 959 4008 non
985 3955 1072 4010 debet
1091 3956 1158 4010 iude
1178 3958 1250 4018 ficri,

202 4039 274 4108 quia
290 4039 416 4092 ecelesia
443 4057 501 4092 nou
519 4045 612 4092 vacat.
650 4038 746 4090 Immo
773 4038 892 4108 quidam
919 4038 1030 4093 Grauto
1057 4040 1182 4094 clericus
1208 4050 1254 4095 cst

202 4122 288 4177 iude¹
313 4140 437 4191 persona
463 4121 499 4175 ad
518 4123 770 4192 praescutatiouem
789 4122 881 4192 ipsius
906 4122 1018 4177 abbatis
1043 4130 1073 4177 et
1093 4132 1252 4178 conventus

202 4207 396 4262 Gloueestrim
426 4205 593 4276 quindecim
623 4206 706 4258 anuis
737 4207 892 4260 transactis
929 4217 960 4260 ct
994 4208 1106 4278 profert
1142 4220 1253 4263 cartam

202 4291 317 4362 AEgidii
331 4309 396 4361 quac
410 4290 464 4343 hoc
478 4296 611 4343 testatur.
651 4287 689 4341 Et
700 4296 862 4344 attornatus
876 4289 1002 4346 Gilberti
1021 4293 1075 4345 hoc
1094 4294 1251 4362 cognoscit.

202 4375 242 4430 Et
258 4375 325 4429 ideo
343 4375 433 4428 abbas
452 4376 514 4427 sine
534 4373 591 4436 die,
612 4384 642 4427 ct
661 4373 812 4428 Gillrcrtus
832 4375 860 4427 in
878 4376 1091 4430 misericordia.

236 4460 313 4514 Acta
340 4466 409 4513 sunt
434 4460 497 4512 hacc
524 4458 602 4528 apud
630 4458 835 4511 Hercfordium
856 4476 953 4512 coram
976 4461 1149 4529 justiciariis
1167 4462 1253 4518 itine-

201 4544 343 4608 rantibus,
364 4561 439 4598 auno
458 4543 576 4597 Domini
595 4542 752 4597 millesimo
770 4543 971 4598 ducentesimo
989 4545 1129 4600 vicesimo
1147 4548 1242 4617 primo

620 4743 626 4770 ι
645 4740 714 4806 aa]
734 4741 837 4802 mus.
