3218 5640
515 802 540 850 s
564 801 664 852 emm
687 802 937 854 crucensrmn.
1182 794 1245 855 145

199 1001 360 1074 persolvet,
379 1008 410 1056 et
436 1000 526 1055 salvis
554 1000 720 1072 quindecim
746 1001 838 1055 mittis
867 1019 938 1072 quas
963 1002 1093 1057 Waltero
1111 1003 1148 1057 de
1166 1004 1247 1058 Aura

200 1086 350 1139 annuatim
367 1085 554 1156 persolvent;
582 1086 726 1155 recepturi
752 1085 790 1138 ab
817 1085 917 1138 eodem
944 1087 1075 1157 quinque
1093 1087 1200 1141 solidos
1219 1101 1248 1140 et

200 1188 292 1225 unum
323 1168 482 1223 salmonem
510 1169 556 1222 rel
584 1186 633 1221 sex
660 1169 804 1222 denarios.
842 1169 996 1223 Memorati
1024 1188 1095 1223 rero
1121 1171 1246 1224 'I'homss

200 1255 290 1308 abbas
316 1262 347 1307 et
373 1253 506 1306 monachi
533 1252 725 1306 Gloucestriae
754 1254 903 1306 invenient
927 1255 1000 1307 mihi
1028 1266 1057 1307 et
1083 1255 1150 1307 filiae
1174 1274 1246 1308 meze

200 1339 312 1393 rictum
330 1346 361 1391 ct
379 1337 519 1391 restitum
538 1336 615 1407 urrud
634 1335 828 1392 Gluccstriam
848 1337 987 1406 quamdiu
1007 1339 1177 1391 vixerimus,

512 1621 701 1691 DCLXIV.
726 1622 920 1687 Decedam.

237 1784 336 1839 Sciant
354 1790 512 1855 presentes
531 1790 562 1838 et
579 1783 681 1846 futuri,
702 1783 779 1853 quod
806 1802 862 1855 ego
889 1784 1008 1839 Juliana
1029 1803 1094 1856 quae
1113 1785 1155 1839 sui
1173 1802 1246 1838 uxor
1260 1785 1350 1835 oros

202 1869 320 1924 Ricardi
338 1869 393 1923 filii
411 1867 520 1923 odorus
539 1869 575 1922 de
594 1868 733 1931 Wittona,
754 1869 783 1921 iu
801 1869 876 1938 ligia
901 1869 1045 1923 viduitate
1071 1882 1101 1922 et
1128 1870 1247 1939 propria
1260 1867 1335 1901 Μ’·

200 1970 343 2028 potestate
361 1975 436 2018 msa,
455 1958 595 2019 concessi,
616 1956 694 2027 quod
717 1957 775 2010 uisi
801 1956 912 2010 solvam
936 1968 1027 2011 totam
1046 1959 1161 2012 tertium
1181 1932 1367 2027 par-¹³⁶⁴&

200 2052 260 2095 tem
277 2042 368 2096 totius
387 2042 501 2096 servitii
521 2041 599 2111 quod
616 2041 677 2094 exit
699 2040 736 2094 de
761 2048 840 2094 terra
858 2051 889 2095 et
906 2041 1000 2095 salina
1017 2059 1082 2111 qun
1101 2040 1246 2095 Ricardns

202 2126 278 2179 filins
296 2124 406 2179 Odoais
425 2127 472 2178 rir
488 2141 571 2178 meus
589 2124 746 2194 aliquando
770 2125 806 2178 de
834 2125 937 2179 abbate
963 2124 1134 2178 Glocestriae
1153 2125 1248 2177 tenuit

202 2211 232 2263 iu
248 2208 373 2280 Wyehio
384 2220 416 2264 et
426 2209 565 2271 wittonis,
580 2208 694 2262 scilicet
705 2209 824 2262 tertiam
841 2218 953 2278 partem
967 2207 1067 2262 decern
1087 2208 1247 2261 solidorum

200 2302 231 2346 et
263 2293 364 2346 mries
394 2293 501 2361 u’girui
535 2293 687 2346 mittamm
718 2292 788 2345 salis
818 2310 871 2363 per
901 2309 1008 2345 annum
1039 2292 1076 2345 ad
1107 2293 1248 2345 terminos

200 2376 323 2439 debitos,
343 2376 421 2447 qnod
438 2376 597 2447 predictus
610 2377 699 2431 abbas
718 2382 807 2447 ponat
825 2394 856 2430 se
874 2377 905 2429 iu
919 2376 1065 2445 seysinam
1078 2375 1115 2428 de
1128 2383 1249 2444 quanto·

200 2477 314 2530 cunque
331 2460 449 2514 nomine
476 2460 553 2514 dotis
579 2466 664 2514 teneo
692 2461 722 2513 iu
740 2460 857 2514 wichio
878 2467 907 2513 et
925 2459 1067 2521 Wittons,
1088 2459 1152 2512 sine
1170 2460 1247 2512 omui

199 2544 428 2598 mundissime
445 2546 513 2607 mei,
533 2552 563 2598 et
587 2551 686 2599 teneat
713 2562 864 2614 quousque
889 2544 916 2597 ei
942 2543 1026 2613 plene
1055 2543 1248 2598 satisfecerim

200 2628 239 2682 de
255 2628 391 2682 omnibus
409 2630 567 2699 arreragiis
586 2639 617 2683 et
634 2628 752 2682 debitis.

236 2711 276 2765 Bt
293 2729 331 2765 ne
349 2712 379 2765 in
401 2722 552 2782 poeterum
570 2722 673 2767 contra
699 2719 873 2782 praesentem
901 2713 1123 2766 conventionem
1149 2712 1250 2765 venire

199 2797 320 2871 possim,
332 2797 470 2866 praesenti
483 2797 593 2867 scripto
606 2796 739 2867 sigillum
751 2814 850 2851 meum
862 2798 995 2867 opposui.
1033 2797 1101 2850 Hiis
1115 2795 1248 2851 testibus.

535 3081 698 3147 DCLXV.
723 3082 770 3146 Dc
794 3081 915 3145 ecclam.

235 3243 390 3299 universis
408 3243 446 3298 ad
464 3261 538 3316 quos
556 3262 685 3315 praesens
711 3245 855 3315 seriptum
879 3245 1054 3314 pervenerit,
1075 3244 1248 3314 praepositus
1263 3243 1352 3294 Otthe

200 3336 232 3382 et
248 3327 411 3399 burgenses
430 3327 466 3380 de
485 3327 620 3399 Wychio,
641 3329 776 3383 salutem.
1262 3325 1337 3360 ω

235 3411 362 3467 Noverit
392 3413 570 3467 universitas
602 3422 710 3475 restra,
743 3413 821 3483 quod
850 3430 902 3466 nos
938 3421 968 3466 et
997 3412 1127 3466 haeredes
1158 3413 1250 3466 nostri

199 3496 434 3568 acquietabimus
452 3515 557 3551 versus
585 3498 724 3551 comitem
754 3496 934 3551 Saresburiae
960 3505 989 3552 et
1016 3496 1146 3551 haeredes
1171 3514 1249 3559 snos,

200 3581 341 3653 qnandiu
358 3581 390 3635 in
408 3580 537 3635 dominio
562 3590 592 3635 et
616 3599 704 3635 mann
731 3580 796 3651 ejus
815 3581 862 3634 vel
887 3580 1037 3634 haredum
1061 3598 1181 3634 suorum
1203 3580 1251 3633 rel

200 3665 323 3720 alterins
353 3665 556 3736 cujuscunque
580 3681 634 3736 per
665 3682 767 3734 regem
799 3663 864 3718 rel¹
894 3664 1028 3734 predicti
1058 3664 1173 3718 comitis
1204 3663 1250 3717 rel

199 3749 353 3804 haedum
387 3766 517 3814 suorum,
544 3749 730 3803 donationem
759 3749 808 3802 rel
835 3749 1065 3819 assignationem
1096 3749 1249 3805 fuerimus.

200 3833 338 3888 abbatem
367 3840 398 3887 et
425 3832 583 3887 monachos
614 3832 715 3887 Sancti
746 3832 829 3887 Petri
855 3830 1047 3887 Gloucestriae
1077 3832 1113 3886 de
1143 3833 1251 3903 uiginti

202 3917 306 3972 solidis
324 3917 377 3988 qui
394 3934 448 3988 pru
465 3916 579 3971 eisdem
606 3917 637 3970 iu
662 3917 748 3970 firma
771 3925 872 3971 nostra
889 3917 1066 3988 perficienda
1084 3916 1121 3970 sd
1138 3933 1251 3971 scacca-

201 4002 280 4056 rium
306 3999 418 4054 ‹lomiui
443 4001 524 4072 regis
549 4001 659 4055 redeat.
698 4000 819 4055 Praesati
837 4000 926 4054 abbas
954 4012 983 4054 et
1008 4001 1144 4054 monachi
1163 4002 1252 4055 intro·

200 4086 319 4140 mittent
344 4101 378 4140 se
406 4102 460 4154 pro
487 4102 572 4156 posse
606 4103 659 4139 sno
690 4091 723 4139 ut
749 4085 882 4156 praedicti
913 4086 1020 4155 viginti
1052 4085 1137 4139 solidi
1168 4085 1250 4140 nobis

201 4176 410 4241 computentur
427 4168 465 4223 ad
483 4171 661 4224 scaccarium
688 4169 799 4223 domini
825 4171 906 4239 regis
932 4172 1008 4223 sicut
1026 4170 1157 4224 solebant
1175 4188 1252 4223 ccm-

200 4253 301 4325 pntari
319 4251 435 4325 quando
453 4253 563 4308 fuimus
590 4255 620 4308 in
645 4253 780 4307 manssons
807 4253 917 4307 domiui
948 4256 1037 4325 regis.
1087 4255 1150 4325 Ipsi
1180 4272 1252 4308 rero

204 4336 296 4392 abbas
315 4346 344 4390 et
362 4338 508 4401 monachi,
528 4346 558 4392 et
576 4356 677 4393 eornm
702 4352 803 4391 tenens
822 4339 874 4408 qui
894 4355 946 4408 pro
970 4348 1101 4409 tempore
1130 4339 1253 4393 salinam

201 4438 289 4475 suam
304 4423 442 4485 tenuerit,
461 4422 549 4476 lssssri
567 4432 653 4477 erunt
671 4434 700 4476 et
719 4422 812 4491 quieti
830 4439 848 4476 s
865 4421 1008 4487 theloneo,
1022 4430 1052 4477 et
1069 4425 1148 4477 omui
1167 4440 1249 4477 exac-

237 4671 367 4719 ¹mita
391 4670 544 4721 &robaria
560 4680 583 4722 et
598 4671 703 4722 tardes
752 4674 930 4739 predictam
943 4673 1004 4722 with
1019 4674 1062 4723 the
1079 4673 1136 4736 rign
1155 4673 1185 4721 ot
1201 4688 1253 4721 era·

202 4748 601 4803 umbi-mediatum.
619 4753 704 4803 before
756 4769 819 4804 rure

292 4847 368 4901 vol.
391 4849 427 4900 ΙΙ.
1096 4852 1122 4899 K
