3218 5640
511 830 537 880 8,
561 828 662 879 emm
684 825 938 878 umectam&
1191 812 1256 876 163

201 1010 287 1074 cessi,
307 1022 337 1062 et
364 1007 419 1061 hae
446 1010 526 1060 carta
550 1023 615 1060 mea
642 1005 821 1068 confirmari,
842 1005 915 1068 Deo,
942 1019 972 1060 et
998 1006 1128 1060 ecelesias
1150 1005 1249 1069 Sancti

202 1092 283 1147 Petri
305 1091 509 1154 Gloueestriae,
530 1099 560 1145 et
577 1090 726 1144 monacbis
755 1089 865 1144 ibidem
884 1090 946 1144 Deo
975 1092 1178 1152 servientibus,
1200 1110 1253 1162 pro

201 1179 297 1233 salute
315 1178 422 1232 animae
439 1194 522 1239 meae,
543 1190 573 1230 et
603 1175 711 1239 uxoris,
732 1181 761 1228 et
779 1192 833 1245 pro
852 1175 1004 1228 animabus
1024 1177 1116 1246 patris
1135 1177 1204 1237 mei,
1225 1184 1254 1229 et

200 1263 306 1319 mauis
330 1279 413 1323 mem,
434 1270 465 1315 et
491 1261 621 1314 omnium
648 1275 804 1331 parentum
829 1268 859 1312 et
884 1261 1044 1313 amicorum
1062 1278 1204 1324 meorum,
1223 1262 1254 1314 in

200 1365 306 1420 puram
323 1354 354 1400 et
371 1357 544 1418 perpetuam
556 1345 757 1407 elemosinam,
772 1352 806 1398 ut
818 1343 943 1397 babeant
956 1362 1010 1415 per
1022 1354 1116 1398 totum
1135 1364 1252 1409 anuum,

202 1434 235 1487 in
271 1440 456 1503 perpetuum,
487 1448 579 1484 unum
610 1429 784 1500 quadrigam
824 1446 892 1482 cum
921 1428 1034 1483 duobus
1066 1431 1160 1499 equis,
1192 1432 1343 1491 sivetm
1358 1440 1381 1490 h,

202 1534 294 1570 unnm
319 1533 437 1570 narrum
458 1532 526 1568 eum
545 1515 740 1568 servientibus
760 1513 797 1567 ad
822 1513 876 1568 boc
895 1515 1076 1575 necessariis,
1097 1516 1126 1568 in
1147 1516 1254 1569 foresta

202 1618 268 1655 mea
285 1600 322 1654 de
341 1600 434 1663 Wira,
453 1598 583 1653 cedenda
606 1606 636 1653 et
653 1597 826 1652 attrahenda
843 1598 925 1667 ligna
949 1616 1002 1668 per
1019 1599 1117 1652 visum
1136 1599 1256 1652 foresta·

202 1685 315 1738 riorum
333 1696 394 1737 tam
412 1700 545 1736 meorum
573 1699 661 1752 quam
679 1682 827 1736 haredum
847 1700 979 1736 meorum
997 1682 1034 1735 ad
1060 1701 1134 1752 opus
1152 1682 1254 1736 domus

203 1786 275 1823 sua.
313 1768 353 1822 Et
369 1767 457 1821 liceat
476 1768 518 1821 eis
538 1766 645 1820 habere
659 1785 776 1821 carrum
789 1766 904 1837 quando
921 1767 1078 1828 voluerint,
1093 1775 1122 1820 et
1141 1767 1255 1836 quando

203 1852 353 1906 voluerint
371 1851 546 1921 quadrigam
564 1869 632 1905 cum
650 1851 763 1905 duobus
782 1853 876 1921 equis,
896 1850 1057 1906 secundum
1075 1851 1256 1905 voluntatem

204 1953 306 1989 eorum
325 1937 354 1988 in
373 1950 556 2006 perpetuum.
594 1935 669 1988 Dedi
682 1936 771 1988 etiam
784 1936 896 1989 eisdem
908 1936 1057 1988 monachis
1071 1936 1255 2004 mesuagium

204 2037 271 2074 eum
289 2029 352 2073 tota
372 2031 452 2072 terra
473 2038 561 2090 quam
572 2019 679 2089 Gunny
693 2021 787 2073 tenuit
806 2019 842 2073 de
855 2038 901 2072 me
920 2021 997 2073 inter
1015 2019 1087 2072 duos
1108 2019 1254 2071 cheminos

205 2103 284 2175 apud
304 2102 414 2156 Ladam
434 2103 469 2155 de
489 2103 699 2166 Wrubbehale‚
720 2104 858 2157 similiter
877 2105 907 2157 in
919 2121 1023 2174 puram
1043 2112 1072 2156 et
1084 2115 1255 2172 perpetuam

206 2189 408 2242 elemosinam,
460 2187 500 2241 Et
524 2187 591 2241 volo
616 2189 694 2257 quod
729 2188 877 2258 saepedicti
909 2188 1042 2242 monaehi
1072 2187 1196 2240 habeant
1228 2201 1256 2239 et

205 2284 323 2327 teneant
341 2270 513 2341 praedictam
532 2272 722 2325 elemosinam
748 2271 783 2325 de
811 2290 858 2325 me
886 2278 914 2324 et
941 2271 1106 2324 baeredibus
1134 2273 1207 2323 meis
1227 2271 1257 2323 in

204 2364 389 2430 perpetuum,
422 2374 488 2410 cum
515 2357 564 2409 via
590 2368 620 2410 et
645 2358 771 2411 transitu
800 2374 852 2427 per
872 2355 1042 2428 predictam
1061 2355 1199 2409 forestam
1228 2366 1257 2407 et

205 2459 259 2513 per
287 2448 380 2495 totam
401 2455 510 2495 terram
538 2458 643 2504 meam,
664 2442 727 2495 sire
746 2441 782 2495 de
808 2458 873 2494 mea
903 2441 1021 2503 foresta,
1050 2440 1111 2493 sire
1139 2438 1256 2492 aliunde

205 2532 393 2580 mactatum
419 2526 542 2579 fecerint
568 2543 661 2595 usque
690 2525 727 2578 ad
757 2525 920 2586 Sabrinam,
948 2523 1082 2586 liberam,
1101 2524 1255 2593 integram,

205 2617 235 2663 et
253 2609 383 2679 quietam
403 2609 439 2662 ab
457 2610 535 2662 omni
555 2611 685 2672 servitio,
706 2610 864 2671 exactione,
884 2619 914 2662 et
932 2607 1149 2662 cousuetudine.

244 2692 285 2747 Et
314 2700 349 2746 ut
375 2692 439 2746 haec
467 2710 532 2746 mea
563 2692 678 2746 donatio
701 2701 766 2747 rata
795 2704 826 2748 et
855 2692 1025 2747 inconvulsa
1050 2693 1080 2746 in
1107 2698 1258 2764 posterum

206 2786 385 2847 maneat,
413 2777 550 2848 praeseuti
578 2779 688 2848 scripto
714 2776 808 2848 sigilli
834 2779 891 2831 mei
919 2777 1110 2848 impressione
1134 2776 1256 2840 munito,

207 2868 263 2916 ete.
1221 2873 1224 2878 ·

333 3039 538 3107 DCXCVII.
571 3039 799 3118 Wolebomme,
823 3042 949 3108 scilieet
972 3041 1013 3108 de
1029 3051 1134 3130 prato.

244 3187 362 3244 Seiant¹
381 3198 540 3260 praesentes
554 3202 583 3244 et
596 3191 698 3253 futuri,
713 3191 791 3262 quod
811 3190 893 3262 [ego]
908 3191 1055 3247 Walterus
1069 3191 1259 3263 Grangerius‚
1274 3193 1311 3244 Os
1319 3192 1403 3242 Walt-

207 3272 244 3328 de
262 3291 384 3328 assensu
402 3283 434 3328 et
460 3275 610 3328 voluntate
629 3274 746 3329 Edithae
759 3275 795 3329 de
809 3276 1036 3330 Cbnrchesdone
1056 3278 1154 3331 uxoris
1174 3295 1257 3340 meae,
1272 3261 1379 3310 m

207 3357 276 3412 Mi
302 3367 334 3412 et
358 3360 498 3420 concessi,
519 3368 550 3413 et
568 3359 623 3413 hae
641 3371 785 3429 praeseute
804 3372 884 3414 carta
903 3377 968 3413 mea
986 3360 1164 3423 confirmavi,
1185 3360 1257 3424 Deo,

208 3453 239 3501 et
255 3446 389 3500 eoelesiae
409 3446 509 3500 Sancti
528 3447 610 3501 Petri
631 3446 833 3509 Gloucestriae,
854 3456 884 3500 et
902 3448 1050 3501 monachis
1069 3448 1179 3501 ibidem
1197 3448 1261 3501 Deo

208 3531 414 3594 servientibus,
433 3532 464 3584 in
483 3549 587 3602 puram
606 3540 636 3586 et
647 3543 820 3603 perpetuam
838 3532 1036 3594 elemosinam,
1057 3550 1145 3585 unam
1164 3549 1261 3586 aeram

208 3616 287 3688 prati
326 3615 358 3669 in
396 3615 609 3678 Walebamme,
648 3616 762 3671 scilicet
797 3616 880 3670 illam
917 3634 1004 3687 quam
1040 3616 1195 3687 Philippus
1232 3616 1260 3669 le

209 3699 365 3771 Deveneys
392 3699 550 3771 aliquando
581 3701 694 3765 tenuit3
726 3701 881 3755 tenendam
908 3714 937 3756 et
966 3700 1129 3755 habendam
1157 3700 1214 3755 sibi
1232 3710 1260 3754 et

208 3784 429 3840 tneeessoribus
443 3803 545 3840 eorum
557 3785 649 3839 libere
669 3792 698 3839 et
711 3787 820 3854 quiete,
834 3786 908 3839 bene
920 3793 950 3840 et
962 3787 993 3839 in
1011 3803 1091 3856 paee,
1106 3786 1220 3856 integre
1232 3792 1262 3838 et

208 3869 379 3934 honorifice,
393 3888 461 3924 eum
481 3871 615 3924 omnibus
634 3870 821 3923 hbet-tatibus
835 3877 864 3923 et
883 3870 985 3924 liberis
1005 3869 1261 3924 consuetudinibus

209 3954 291 4019 suis;
311 3953 451 4009 videlieet
470 3954 548 4025 quod
566 3972 623 4025 ego
640 3953 798 4014 Walterus,
820 3971 871 4007 nee
890 3954 997 4008 Editba
1024 3972 1097 4008 uxor
1114 3971 1188 4016 mea,
1209 3971 1262 4008 nec

209 4038 342 4093 heredes
369 4040 472 4101 nostri,
494 4040 524 4092 in
542 4038 621 4092 dicta
634 4055 701 4091 acra
720 4039 796 4109 prati
815 4038 933 4107 aliquod
947 4038 997 4107 jus
1010 4039 1057 4091 rel
1077 4038 1214 4092 elnmium
1234 4040 1263 4092 in

210 4130 362 4194 posterum
381 4122 536 4177 vendicare
554 4123 711 4194 possimus.
750 4121 815 4191 Ego
840 4140 910 4175 vero
927 4121 1073 4175 Walterus
1099 4136 1127 4175 et
1155 4122 1263 4177 Editha

210 4224 285 4260 uxor
302 4225 368 4261 mea
396 4218 425 4261 et
444 4207 575 4261 baeredes
594 4207 688 4260 nostri
707 4206 814 4260 dictam
833 4224 930 4260 aeram
948 4207 1023 4276 prati
1043 4224 1109 4259 eum
1127 4209 1262 4262 omnibus

210 4292 396 4362 pertiuentiis
428 4292 489 4345 suis
521 4291 608 4345 dictis
644 4291 793 4344 monacbis
824 4291 870 4343 vel
908 4291 1123 4345 suecessoribus
1162 4310 1262 4345 eorum

211 4381 314 4429 eoutm
324 4393 425 4429 omues
438 4375 570 4430 homines
589 4381 617 4428 et
635 4376 769 4429 foeminas
783 4375 1034 4429 warantizabimus
1050 4377 1264 4448 inperpetuum

211 4470 241 4513 et
260 4459 460 4514 defendemus.

247 4543 288 4598 Bt
314 4553 349 4598 ut
374 4544 436 4598 baec
463 4561 528 4598 mea
558 4544 675 4599 donatio
705 4557 735 4599 et
765 4545 913 4598 concessio
931 4545 1053 4599 firmiter
1083 4546 1263 4609 observetur,

211 4629 352 4700 praesemi
371 4629 491 4700 scripto,
511 4642 567 4683 etc.

250 4829 379 4891 'mit
391 4832 445 4882 vm
462 4833 608 4891 bencenis
623 4847 640 4881 ι
655 4833 790 4896 repetition
808 4834 840 4883 of
863 4832 911 4885 No.
931 4835 1057 4886 DLXIII.
1077 4835 1155 4895 (aste,
1173 4852 1197 4900 p
1216 4840 1269 4899 83),

215 4909 265 4960 εκ
275 4911 330 4962 abo
345 4909 395 4963 No.
408 4911 629 4967 occcxmu
641 4914 719 4975 (me,
729 4928 753 4977 p.
766 4916 803 4976 s).
1085 4998 1107 5044 L
1130 4986 1151 5046 2
