3218 5640
534 802 561 853 s
582 803 683 851 surm
704 801 955 853 oroucssrmu
1198 788 1262 851 209

214 982 282 1040 eto„
302 983 332 1031 et
349 975 473 1039 deferre,
494 982 549 1030 etc.
581 977 704 1032 Etcum
723 978 818 1032 dietus
846 979 1021 1050 esquierius,
1041 983 1097 1032 919.
1138 975 1170 1031 Si
1188 994 1262 1031 rero

213 1062 378 1122 runcinum,
405 1067 459 1115 ete.
496 1060 559 1114 Nos
589 1068 670 1114 certa
694 1062 892 1127 conventione,
912 1070 980 1128 etc„
999 1064 1107 1119 faciant
1123 1062 1178 1116 hoe
1199 1079 1260 1115 ser·

212 1145 328 1208 vitiam,
362 1144 500 1199 videlicet
527 1145 677 1215 praebendi
706 1163 813 1216 aquam
841 1147 978 1202 manibus
1007 1147 1117 1202 domini
1148 1146 1262 1201 abbatis

213 1227 341 1298 singulis
367 1228 450 1282 annis
476 1228 524 1282 die
540 1229 749 1300 Apostolorum
767 1230 848 1284 Petri
866 1238 897 1286 et
913 1231 999 1286 Pauli
1017 1239 1084 1302 post
1100 1232 1259 1302 prandium

212 1311 245 1364 in
261 1329 369 1382 magna
388 1312 457 1365 auls
479 1319 580 1367 nostra
603 1312 805 1377 Gloucestriae,
825 1320 880 1369 919.
917 1313 1080 1369 Praedictus
1107 1333 1178 1369 vero
1209 1316 1260 1370 Jo-

212 1393 323 1448 hsnnes
353 1404 383 1450 et
411 1396 543 1450 haeredes
569 1398 616 1451 sni
642 1399 756 1451 curiam
779 1405 909 1452 nostram
934 1397 970 1452 de
996 1398 1182 1453 Gloucestria
1207 1418 1262 1471 per

212 1476 368 1532 dimidium
397 1498 504 1533 annum
535 1490 695 1550 sequentur
725 1482 859 1552 quotiens
888 1499 954 1535 earn
979 1483 1073 1537 teneri
1092 1484 1259 1553 contigerit,

212 1568 269 1615 ete.
313 1562 460 1617 Praeterea
486 1564 598 1618 curiam
625 1572 752 1619 nostrum
777 1564 814 1618 de
835 1566 983 1620 Berthona
1008 1572 1177 1636 sequentur,
1204 1565 1360 1623 ete.th-

212 1642 261 1698 In
277 1645 392 1700 seilicet
408 1646 486 1717 quod
503 1647 702 1709 nihilominus,
721 1656 777 1702 etc.

248 1727 384 1784 Beddent
400 1731 521 1801 insuper
538 1730 623 1785 nobis
635 1737 665 1785 91
676 1732 894 1786 successoribus
912 1732 1039 1787 nostris¹
1058 1733 1078 1787 J
1079 1734 1206 1788 ohannes
1230 1741 1261 1789 et

212 1809 344 1867 heredes
374 1814 421 1868 sni
450 1814 602 1868 annuatim
631 1833 719 1869 unam
748 1814 899 1869 dimidiam
924 1834 1053 1871 marcam
1080 1818 1197 1885 argenti
1221 1817 1260 1872 ad

212 1893 285 1949 dnos
303 1898 371 1951 anni
389 1899 529 1953 terminos
547 1899 676 1953 usuales.
721 1899 762 1954 Et
787 1900 813 1953 si
840 1900 951 1954 dictum
972 1908 1181 1964 tenementum,
1201 1908 1257 1958 919.

213 1977 347 2050 Singulis
363 1991 462 2035 autem
479 1983 573 2046 annis,
594 1989 649 2036 919.

248 2062 284 2116 In
301 2064 387 2134 cujus
404 2066 449 2119 rei
466 2066 675 2130 testimonium,
696 2072 751 2120 919.

522 2302 733 2369 DCCLXXI
756 2304 806 2368 De
828 2303 947 2370 eodem.

248 2451 391 2509 Omnibus
409 2454 520 2511 Christi
539 2456 684 2521 fidelibus,
705 2463 761 2512 ete,
1272 2471 1361 2524 om„

248 2536 356 2592 Sciatis
382 2538 461 2608 qnod
487 2557 553 2594 cum
580 2540 727 2594 Bobertus
753 2540 790 2594 de
820 2540 1091 2611 Kynemaresburis
1119 2542 1198 2597 filius
1229 2548 1259 2596 et
1270 2555 1346 2589 tame·

211 2618 306 2675 heres
319 2621 449 2693 Philippi
462 2622 498 2675 de
508 2623 778 2692 Kynemaresburia
789 2629 819 2677 et
829 2631 1026 2680 antecessores
1038 2627 1085 2679 sui
1098 2623 1161 2695 [de]
1174 2626 1259 2681 nobis

211 2710 243 2758 et
259 2705 499 2760 suoeessoribns²
515 2707 625 2761 nostris
653 2712 747 2761 totum
774 2714 971 2762 tenementum
990 2727 1075 2764 snum
1102 2710 1133 2763 in
1160 2709 1261 2781 Kyne-

210 2789 394 2843 maresburis
411 2808 478 2843 cum
504 2791 690 2860 pertinentiis
721 2792 782 2845 suis
813 2792 985 2856 tenuissent,
1012 2811 1065 2863 pro
1091 2810 1150 2863 quo
1176 2794 1260 2849 nobis

210 2871 307 2926 faeere
324 2872 488 2928 debuerunt
506 2881 537 2929 et
554 2884 769 2929 consueverunt
793 2894 881 2930 unam
899 2878 1077 2947 esquierism
1095 2894 1148 2948 per
1166 2885 1261 2934 totum

210 2972 319 3010 annum
349 2959 465 3011 nomine
496 2958 654 3029 serjantiae‚
685 2958 825 3015 videlicet
854 2979 922 3015 cum
952 2962 1059 3031 aliquis
1088 2963 1258 3027 monachus,

211 3046 278 3104 eto,
298 3048 329 3094 et
346 3040 471 3105 deferre,
492 3048 546 3097 919.
582 3042 706 3097 Etcum
733 3043 838 3107 dietus,
859 3052 914 3098 etc.
953 3044 985 3098 Si
1004 3063 1075 3099 vero
1092 3048 1258 3111 runcinum,

209 3132 266 3179 etc.
311 3123 374 3179 Nos
399 3132 481 3179 certa
498 3127 698 3188 conventione,
719 3133 799 3189 etc.,⁸
825 3127 933 3181 faciant
958 3127 1013 3181 hoo
1038 3130 1193 3184 servitium
1210 3149 1260 3183 no-

210 3207 288 3261 mine
306 3208 463 3278 serjantiae,
483 3209 623 3264 videlicet
637 3209 788 3264 deferendi
801 3210 953 3264 cultellum
970 3228 1038 3263 eum
1056 3230 1114 3279 quo
1132 3213 1260 3283 paranda

210 3298 281 3346 sunt
297 3291 408 3346 cibaria
432 3293 543 3346 domini
568 3293 691 3355 abbatis,
712 3293 763 3363 qni
788 3311 842 3364 pro
861 3302 991 3363 tempore
1011 3295 1110 3358 suerit,
1130 3296 1177 3348 rel
1195 3296 1260 3350 loco

209 3374 303 3445 ipsius
316 3374 511 3445 praesidentis,
526 3376 652 3446 singulis
664 3377 747 3430 annis
760 3375 807 3429 die
816 3374 1022 3445 Apostolorum
1037 3376 1118 3431 Petri
1132 3386 1162 3432 et
1174 3378 1259 3432 Pauli

210 3457 248 3512 ud
264 3476 395 3513 mensam
413 3477 512 3513 coram
530 3459 704 3530 praesideute
723 3458 886 3529 deponendi
904 3459 935 3512 in
952 3477 1060 3530 magua
1077 3460 1144 3514 aula
1161 3467 1260 3515 nostra

211 3541 411 3597 Glonoesniae.
456 3543 549 3610 Quem
576 3543 696 3613 quidem
721 3542 884 3606 cultellum,
908 3548 963 3597 etc.
1008 3544 1171 3598 Praedictus
1189 3561 1260 3598 vero

210 3625 358 3681 Robertns
376 3634 407 3680 et
423 3625 555 3680 haeredes
574 3627 621 3681 sui
639 3626 751 3680 curiam
775 3633 904 3680 nostram
923 3624 959 3679 de
978 3625 1161 3680 Gloucestria
1178 3627 1259 3681 simi·

209 3710 280 3764 liter
296 3716 327 3765 et
344 3710 458 3764 curiam
476 3708 513 3762 de
532 3710 680 3763 Berthona
692 3716 860 3780 sequentur,
874 3708 1013 3764 videlicet
1030 3709 1154 3763 circula
1171 3709 1260 3764 hoke·

210 3793 268 3865 day
285 3804 317 3849 et
342 3794 451 3848 festum
481 3794 580 3848 Sancti
606 3792 770 3847 Michaelis.
817 3793 857 3847 Et
877 3793 1010 3863 quotiens
1031 3810 1151 3848 neeesse
1169 3794 1261 3848 suerit

208 3884 330 3948 propter
347 3877 598 3931 afforciamentum
616 3877 705 3930 curiae
724 3893 791 3930 cum
808 3876 907 3939 breve,
927 3886 982 3931 etc.

246 3959 383 4014 Reddent
413 3961 536 4030 iusuper
565 3960 649 4014 nobis
675 3970 704 4013 et
732 3961 950 4015 successoribus
980 3961 1089 4014 nostris
1118 3961 1259 4032 praesstus

211 4042 359 4098 Bobertus
386 4054 417 4098 et
446 4044 579 4098 heredes
610 4044 657 4097 sui
684 4043 833 4097 annuatim
861 4044 891 4096 in
920 4054 1093 4113 perpetuum
1123 4043 1260 4098 undecim

210 4128 320 4183 solidos
348 4129 559 4199 sterlingorum
588 4127 626 4180 ad
650 4126 724 4181 dnos
753 4128 821 4180 anni
850 4128 999 4189 terminos,
1027 4126 1174 4191 videlicet,
1202 4134 1257 4182 etc.

210 4210 258 4265 Ita
276 4212 391 4266 scilicet
419 4212 497 4282 quod
524 4211 608 4274 nihil,
629 4217 684 4264 ete.
730 4209 769 4264 Et
795 4210 821 4264 si
846 4209 958 4265 dictum
976 4217 1183 4276 tenementum,
1203 4226 1258 4268 etc.

210 4293 344 4365 Singulis
362 4304 460 4349 autem
479 4294 573 4358 annis,
592 4300 648 4350 ete.

244 4378 281 4434 In
298 4379 395 4449 cujas,
414 4386 470 4434 919.

310 4581 319 4611 ¹
336 4581 439 4646 mavis]
458 4580 546 4640 nostri,
556 4580 616 4632 MS.

308 4659 319 4688 ²
335 4659 526 4724 necantibus]
545 4657 769 4724 predeoessoribus
779 4657 806 4707 in
817 4655 859 4706 tire
870 4662 921 4708 tro
931 4655 1068 4722 preceding
1078 4656 1196 4708 chaere

308 4741 319 4770 ⁸
333 4741 395 4808 eta]
413 4740 525 4790 inserted
535 4738 564 4790 iu
574 4739 617 4790 the
627 4737 736 4803 margin.

298 4836 375 4887 ΥΟΕ.
398 4836 435 4886 ΙΙ.
1104 4833 1127 4880 0
