3218 5640
364 781 428 846 148
644 792 894 846 osamnsmon
916 791 1125 842 nonasmsn

362 975 505 1025 esceetam
523 986 624 1035 suam;
652 967 798 1022 habendas
824 972 854 1022 et
878 965 1015 1022 tenendas
1033 964 1069 1020 do
1094 964 1177 1021 nobis
1198 970 1227 1021 et
1244 967 1412 1022 heredibus

362 1055 470 1111 nostris
496 1053 552 1109 sibi
586 1059 616 1108 et
642 1051 807 1108 haeredibus
838 1051 899 1107 suis
930 1051 961 1105 in
994 1056 1176 1123 perpetuum,
1204 1052 1235 1107 in
1266 1050 1351 1107 feodo
1381 1060 1412 1107 et

362 1139 541 1195 haereditate.

399 1222 557 1279 Reddendo
576 1221 643 1277 inde
668 1221 751 1276 nobis
777 1227 807 1276 et
831 1219 996 1275 hseredibus
1024 1220 1132 1276 nostris
1157 1238 1249 1276 unum
1274 1237 1412 1292 espessa-

363 1309 440 1364 rinm
468 1325 565 1364 sorum
592 1324 645 1379 per
670 1323 778 1362 annum
802 1322 855 1378 pro
883 1305 961 1361 omni
989 1305 1120 1369 servitio,
1141 1304 1360 1370 consuetudine,
1381 1309 1413 1359 et

364 1392 514 1448 demanda.

399 1477 494 1547 Quare
512 1476 657 1539 volumus,
677 1479 708 1530 et
733 1473 857 1529 firmiter
882 1473 1079 1545 praecipimus,
1108 1474 1185 1546 qnod
1212 1474 1275 1546 ipse
1299 1473 1413 1530 Radal-

362 1563 437 1633 phns
456 1568 487 1616 et
503 1559 632 1616 heredes
652 1560 697 1614 sui
716 1557 842 1614 habeant
865 1566 895 1614 et
918 1563 1034 1613 teneant
1058 1558 1212 1630 praedictas
1233 1558 1307 1613 dnos
1326 1557 1413 1613 hides

362 1653 449 1703 terre
468 1642 735 1714 compertinentiis
755 1642 816 1698 suis
834 1641 865 1696 in
882 1641 1023 1713 Welhope
1041 1640 1077 1696 de
1095 1642 1177 1697 nobis
1196 1648 1226 1697 et
1243 1641 1412 1698 heredibus

362 1730 469 1785 nostris
488 1730 519 1783 in
536 1733 720 1800 perpetuum,
733 1725 806 1780 bene
822 1731 853 1782 et
870 1724 901 1779 in
919 1742 999 1797 poce,
1012 1725 1104 1781 libere
1123 1732 1154 1782 et
1171 1727 1279 1798 quiete,
1293 1727 1413 1798 integre

362 1821 392 1870 et
409 1812 575 1876 honorifice,
594 1829 648 1884 per
665 1811 839 1882 prmdietnm
858 1810 1023 1875 servitium,
1044 1809 1121 1866 sient
1137 1810 1312 1882 praedictum
1331 1819 1387 1867 est.

397 1899 466 1953 Hiis
492 1897 616 1952 testibus
634 1894 851 1950 venerabilibus
878 1893 1010 1967 patribus
1037 1893 1154 1966 P[etro]
1179 1895 1410 1959 Winthoniensi,

364 1982 397 2054 [J
398 1982 509 2040 ocelino
527 1979 726 2044 Bathoniensi‚
738 1975 892 2048 Rlieardo]
907 1977 1022 2042 Serum,
1037 1987 1067 2034 et
1087 1978 1216 2035 Waltero
1234 1977 1412 2034 Oarliolensi

362 2067 516 2139 episeopis,
530 2065 664 2120 Huberto
682 2063 719 2119 de
736 2063 838 2135 Burgo
856 2063 961 2119 comite
979 2062 1099 2118 Kanoim
1114 2063 1280 2134 justiciario
1298 2069 1410 2129 nostro,

364 2159 419 2206 eto.

398 2235 474 2290 Dete
498 2252 551 2305 pen
577 2249 696 2288 menum
722 2231 896 2288 venerabilis
923 2231 1014 2303 patris
1042 2230 1189 2304 Radnlphi
1216 2232 1413 2289 cicestrensis

360 2318 488 2391 episcopi
515 2324 545 2373 ot
562 2315 728 2372 cancellarii
745 2315 837 2370 nostri
862 2315 939 2387 apud
957 2314 1249 2372 westmonasterium
1268 2317 1413 2375 vicesimo

361 2410 464 2477 quarto
483 2402 530 2458 die
547 2401 629 2468 Maii,
650 2418 724 2456 anno
742 2400 827 2473 regni
844 2399 937 2458 nostri
954 2398 1140 2471 undecimo.]¹

667 2633 851 2703 DCLXIX.
882 2633 1093 2719 Wieelrspye.

194 2797 263 2848 ΑΒ.
278 2801 341 2847 1154
399 2793 568 2860 Henrious?
585 2811 637 2848 rex
654 2793 828 2865 Anglorum,
849 2799 879 2848 et
897 2792 955 2848 dux
972 2791 1161 2847 Normannim
1180 2798 1210 2847 et
1228 2791 1411 2864 Aquitaniae,

193 2868 284 2915 4¹⁷⁹·
364 2885 394 2934 et
411 2897 509 2934 comes
527 2879 716 2950 Andegavioe,
736 2878 887 2934 Willelmo
911 2877 948 2932 de
972 2877 1057 2932 Bello
1082 2877 1201 2948 Campo,
1222 2884 1253 2933 et
1273 2879 1413 2935 omnibus

195 2945 234 2996 ⁰f
242 2944 337 2997 Wiwl·
362 2963 524 3018 forestariis
543 2968 572 3018 et
588 2962 706 3018 ballivis
725 2963 786 3018 suis
805 2961 842 3016 de
861 2961 1102 3026 Gloncestresire,
1123 2959 1257 3017 salutem.

194 3026 281 3076 ΨΘ·
399 3046 504 3102 Sciatis
522 3064 568 3102 me
587 3047 774 3112 concessisse,
795 3054 825 3102 et
851 3047 988 3118 praesenti
1015 3051 1096 3101 carta
1120 3063 1186 3101 mea
1210 3047 1412 3112 confirmasse.

362 3132 519 3187 Hamelino
536 3131 633 3187 abbati
660 3137 690 3186 et
715 3131 865 3187 monachis
892 3130 929 3185 de
955 3129 1147 3195 Glonoestria‚
1175 3132 1273 3186 omnia
1298 3141 1415 3189 essarto

362 3234 416 3271 sua
432 3222 533 3272 vetera
559 3222 589 3271 et
614 3234 688 3272 nova
713 3217 750 3271 de
775 3212 947 3286 Mont[one]‚
975 3221 1005 3270 et
1031 3214 1114 3280 (lars,
1142 3222 1172 3270 et
1193 3215 1414 3288 Wivelrngge.³

363 3300 457 3370 Quare
475 3301 542 3356 volo
560 3306 590 3356 et
607 3301 747 3372 principio
765 3305 799 3357 nt
823 3300 949 3355 habeant
973 3305 1003 3355 et
1029 3305 1145 3355 teneant
1169 3318 1204 3355 ea
1227 3300 1312 3367 bene,
1332 3303 1415 3358 etin

363 3402 443 3456 paee,
463 3389 493 3439 et
516 3385 618 3449 libere,
645 3390 675 3440 et
700 3385 806 3455 quiete.
843 3385 883 3440 Et
908 3385 1006 3440 nullus
1032 3384 1075 3440 eis
1102 3384 1169 3439 inde
1194 3385 1335 3456 injuriam
1362 3387 1413 3446 vel

363 3469 568 3526 contemeliam
586 3469 682 3534 faeiat,
703 3474 757 3525 ete.

693 3679 855 3748 DOLXX.
879 3680 929 3746 De
951 3678 1070 3747 eodeni.

193 3865 341 3918 A,1),1100
399 3853 556 3920 Henriens,
576 3869 628 3908 rex
645 3853 772 3924 Anglise,
791 3853 895 3908 Miloni
914 3853 1114 3919 Glouomtnim,
1129 3861 1159 3910 et
1171 3854 1206 3910 G.
1227 3854 1263 3910 de
1275 3855 1413 3921 nbitoth,

192 3938 284 3984 -llss
364 3943 394 3992 et
411 3938 533 4008 Engoni
551 3937 669 4001 villano,
690 3943 719 3992 et
736 3939 890 3993 forestario
908 3936 944 3992 de
962 3937 1134 4003 Melissi-nio,
1154 3940 1289 3995 salutem.

195 4010 283 4063 ΟΜΝ
398 4022 543 4093 Praecipio
560 4021 643 4077 vobis
661 4040 698 4077 ne
716 4022 918 4078 intromittetis
937 4039 989 4079 vos
1008 4022 1044 4076 de
1062 4023 1149 4078 bosco
1167 4024 1204 4079 de
1216 4023 1415 4097 Wivelmgge

193 4093 267 4130 Μ·
363 4114 394 4164 st
420 4108 456 4163 de
484 4107 669 4172 Gorsewella
697 4107 775 4178 qnod
802 4115 848 4164 est
873 4106 971 4164 Sancti
999 4106 1080 4164 Petri
1112 4108 1314 4176 Glounnntrim,
1343 4115 1415 4184 qnia

364 4194 449 4250 illum
463 4191 531 4247 dedi
544 4192 693 4248 monachis
707 4191 899 4249 Gloucestriae
911 4193 942 4249 in
961 4193 1157 4250 elemosinam.
1194 4194 1263 4251 Hiis
1275 4196 1415 4254 testibus.

362 4346 646 4354 ...-----—-—---.-.
656 4347 693 4352 η
704 4346 945 4353 ---.-„.-...—„—<.
965 4349 969 4353 ,

394 4438 400 4466 ¹
420 4433 547 4484 Jocelt'no.
562 4435 730 4501 ..andecime]
743 4434 861 4501 Supplied
909 4437 970 4488 Nos.
984 4438 1075 4489 CCXI.
1088 4441 1138 4489 and
1151 4439 1256 4491 CCXII.
1269 4443 1349 4505 (asle,
1360 4446 1410 4497 sol.

361 4515 425 4565 from
433 4514 499 4566 Bell.
518 4514 573 4566 'Phe
582 4515 706 4581 eonolary
715 4514 760 4565 hes
769 4516 860 4582 simply
909 4519 924 4568 ἰ,
937 4534 961 4583 p.
977 4521 1048 4583 268),
1059 4518 1121 4569 with
1133 4519 1211 4584 slight
1221 4521 1371 4576 senonens.

359 4606 403 4646 ele.
942 4598 951 4625 ³
973 4596 1135 4665 Wioelruqye]
1149 4599 1180 4648 In
1189 4599 1231 4650 the
1242 4603 1412 4667 meginhero

395 4677 405 4704 ‘²
422 4674 486 4725 This
497 4677 547 4725 and
559 4675 602 4726 the
612 4675 743 4741 following
754 4675 859 4736 chester,
907 4677 928 4726 is
940 4677 1037 4727 written
1058 4678 1084 4727 in
1100 4677 1242 4729 stlifferent
1262 4679 1332 4732 head
1349 4681 1411 4736 wil·

361 4754 452 4808 livill
474 4756 505 4805 be
523 4770 588 4812 seen.
608 4769 650 4806 sse
669 4754 814 4820 repetitions
832 4756 864 4805 of
905 4772 996 4824 sempe.
