3218 5640
367 803 407 864 58
655 818 905 872 clarumawu
927 820 1136 872 nonlsrsau

364 995 454 1050 etiam
481 1013 569 1067 super
593 996 707 1052 damma
734 999 883 1054 occasione
913 1000 1060 1069 praedictae
1090 997 1220 1055 ccclesia
1247 996 1315 1051 hinc
1345 993 1414 1048 inde

364 1079 455 1135 illatis
473 1087 576 1135 mutua
592 1084 826 1154 compensatione
844 1090 890 1139 cst
907 1085 1031 1140 sublata.

400 1164 440 1218 Et
457 1170 490 1218 ut
507 1165 569 1220 haec
588 1168 759 1238 compositio
777 1175 842 1225 rata
854 1177 884 1225 et
894 1169 979 1226 firma
990 1175 1168 1241 permaneat,
1181 1165 1292 1224 mutuis
1304 1162 1413 1236 partim

364 1246 472 1317 sigillis
491 1249 660 1306 confirmata
677 1258 731 1307 est.
871 1245 873 1251 ’

399 1331 488 1388 Facta
506 1341 552 1388 est
569 1332 631 1390 haec
649 1338 822 1409 compositio
839 1356 914 1394 anno
932 1338 1144 1395 Incamationis
1162 1335 1324 1394 Dominicae
1348 1331 1414 1387 mil·

363 1413 466 1555 lHesimp
489 1417 690 1557 {poentesimo
718 1428 831 1494 quarto,
852 1425 953 1496 quinto
979 1424 1047 1480 idus
1074 1423 1156 1488 Maii,
1176 1422 1207 1478 in
1232 1417 1414 1478 ecclesialis

394 1517 489 1557 creor
520 1521 546 1558 a.

727 1776 833 1843 DXX.
858 1779 905 1842 Dc
928 1778 1045 1843 cocleae.

195 1928 262 1985 bl)-
277 1935 368 1994 120ss
397 1940 539 1996 Omnibus
560 1940 674 1997 Sanctia
701 1941 807 1997 Matris
838 1943 979 1999 Ecclesia
1011 1942 1080 1997 filiis
1111 1941 1148 1996 ad
1179 1958 1253 2013 quos
1283 1956 1415 2013 praesons

194 2003 255 2067 May
270 2009 307 2055 ¹¹·
361 2026 504 2097 scriptum
534 2025 709 2096 pervenerit,
741 2024 931 2097 AE[gidius],¹
963 2027 1064 2084 divina
1098 2026 1290 2097 permissione
1317 2024 1414 2078 Here-

194 2088 231 2136 ⁰f
240 2087 282 2138 ²¹¹⁰
361 2109 505 2164 fordensis
524 2110 655 2165 ecclesia>
673 2109 816 2176 minister,
844 2110 983 2182 Η[ιιρςο]2
1001 2111 1128 2167 decanus
1146 2116 1177 2166 et
1193 2105 1415 2179 W[illelmus]²

360 2199 521 2264 praecentor
539 2193 670 2264 ejusdcm
689 2194 829 2259 ecclesiae,
851 2196 974 2250 salutem
994 2197 1024 2250 in
1042 2195 1146 2251 salutis
1163 2192 1303 2250 Auctore.

394 2278 507 2335 Notum
537 2279 659 2334 facimus
689 2279 874 2335 universitati
899 2286 1014 2346 vestras,
1044 2279 1122 2351 quod
1152 2279 1230 2334 inter
1259 2277 1413 2332 dominum

359 2361 579 2419 Landavensem
590 2363 758 2434 episcopum
771 2368 802 2418 et
813 2362 947 2418 abbatem
965 2370 995 2418 et
1012 2369 1186 2420 conventum
1206 2360 1411 2425 Gloucestrim,

193 2169 267 2205 same.

358 2448 530 2504 auctoritate
547 2448 713 2502 litterarum
731 2448 841 2503 domini
863 2449 960 2519 Papae,
980 2466 1078 2504 coram
1096 2447 1179 2503 nobis
1204 2464 1293 2518 super
1310 2445 1414 2500 multi·

357 2531 428 2603 plici
453 2532 663 2604 inquietatione
689 2531 821 2587 ecclesiia
850 2532 887 2587 de
912 2532 998 2588 Novo
1028 2533 1138 2603 Burgo,
1168 2549 1257 2603 quarn
1275 2527 1413 2602 praedicti

357 2616 446 2671 abbas
465 2622 496 2671 et
512 2620 672 2671 conventus
690 2616 906 2686 praenominata}
925 2616 1056 2672 ccclesiae
1083 2616 1119 2670 ab
1146 2615 1248 2670 eodem
1272 2614 1413 2685 episcopo

358 2700 465 2755 factam
482 2717 547 2755 esse
565 2699 771 2770 proponebant,
786 2700 983 2756 controversia
1000 2705 1182 2765 verteretur-3
1201 2698 1320 2754 tandem
1333 2698 1413 2752 inter

358 2783 438 2853 ipsos
465 2782 521 2838 hoc
548 2783 634 2838 modo
665 2783 858 2839 amicabiliter
884 2784 1063 2855 conquievit,
1089 2783 1229 2839 videlicet
1247 2781 1326 2853 quod
1350 2780 1415 2851 epi·

358 2884 463 2937 scopus
482 2866 691 2931 Landavensis‚
712 2885 779 2922 cum
799 2868 837 2922 ad
858 2867 1011 2924 ecclesiam
1035 2868 1072 2922 dc
1096 2867 1182 2923 Novo
1207 2867 1310 2938 Burgo
1340 2883 1413 2921 eum

357 2950 507 3005 moderato
542 2951 701 3007 evectionis
733 2969 864 3017 numero,
892 2957 979 3024 prout
1002 2952 1034 3006 in
1061 2950 1251 3007 Lateranensi
1285 2949 1412 3006 concilio

356 3035 530 3100 continetur,
562 3036 593 3089 in
622 3034 742 3107 propria
769 3054 893 3108 persona
919 3055 1006 3092 causa
1036 3035 1213 3092 visitationis
1238 3034 1411 3100 accesserit,

356 3124 569 3190 competentem
587 3119 623 3173 ab
642 3118 745 3174 eadem
756 3120 881 3176 ecclesia
890 3119 1124 3192 procurationem
1139 3118 1291 3191 percipiet.
1330 3117 1411 3173 (lum

356 3203 446 3258 etiam
463 3208 588 3275 urgente
605 3203 779 3259 necessitate
797 3204 929 3259 ecclesia
947 3202 1144 3259 Landavensis
1163 3203 1318 3274 episcopus
1331 3217 1413 3257 com·

356 3287 484 3344 munitor
496 3305 514 3342 a
532 3287 646 3343 caeteris
665 3287 797 3343 ecclesiis
816 3306 876 3343 suae
894 3288 1030 3343 dioeecsis
1042 3286 1185 3342 auxilium
1203 3285 1411 3357 postulaverit,

355 3371 435 3427 dicta
457 3371 582 3428 ecclesia
607 3371 643 3426 de
668 3371 753 3426 Novo
779 3372 881 3443 Burgo
907 3371 1089 3427 moderatum
1116 3371 1155 3437 ei,
1171 3371 1258 3440 juxta
1283 3372 1412 3425 formam

356 3456 560 3512 Interauensis
572 3455 700 3520 aoncilii,
713 3456 843 3510 conferet
854 3454 1005 3510 auxilium.
1043 3454 1126 3510 Idem
1145 3456 1234 3510 etiam
1253 3455 1412 3527 episcopus

355 3541 477 3596 clericos
502 3540 620 3595 idoneos
640 3556 712 3610 quos
738 3539 810 3593 dicti
837 3539 925 3594 abbas
950 3546 979 3594 st
997 3545 1154 3595 conventus
1182 3540 1221 3594 ad
1245 3538 1413 3595 custodiam

354 3624 486 3681 ecclesias
512 3624 548 3679 de
566 3624 652 3679 Novo
676 3624 777 3693 Burgo
803 3622 830 3677 ei
856 3641 909 3695 pro
936 3628 1066 3694 tempore
1090 3623 1318 3694 praesentabunt,
1346 3623 1413 3679 sine

354 3709 526 3764 difficultate
554 3707 698 3762 admittet.
746 3705 875 3774 Quaestio
900 3707 987 3762 etiam
1012 3726 1101 3778 super
1118 3707 1232 3762 damnis
1256 3707 1412 3763 occasione

353 3792 503 3864 praedicte)
522 3791 655 3848 eeclesiae
673 3791 742 3845 hine
769 3790 837 3846 inde
864 3791 953 3848 illatis
981 3798 1084 3846 mutua
1108 3792 1345 3864 compensatione
1363 3796 1413 3848 est

354 3877 480 3933 sublata.

388 3961 480 4016 Facta
491 3965 537 4017 est
548 3965 647 4015 autem
659 3957 722 4013 haec
738 3957 908 4030 compositio
926 3975 999 4014 anno
1017 3958 1230 4015 Incamationis
1243 3958 1411 4016 Dominicar

353 4045 511 4099 millesimo
536 4042 736 4099 ducentesimo
762 4049 875 4113 quarto,
896 4043 996 4113 quinto
1021 4043 1088 4099 idus
1113 4043 1196 4109 Maii,
1222 4044 1254 4099 in
1281 4045 1411 4102 ecclesia

354 4127 454 4183 Sancti
472 4126 638 4182 Ethelbsrti
656 4125 847 4180 Hereiordiae.

388 4211 483 4279 Quam
508 4210 579 4280 quia
600 4215 749 4282 perpetuae
779 4208 946 4264 firmitatem
974 4208 1142 4266 stabilitatis
1167 4211 1304 4268 volumus
1332 4213 1411 4271 obti-

352 4312 432 4359 nere,
468 4294 606 4365 prasenti
636 4293 746 4364 scripto
775 4292 883 4363 sigillis
918 4293 1027 4349 nostris
1057 4294 1198 4366 appositis
1231 4296 1411 4355 confirmare

353 4396 532 4436 curavimus.

361 4524 509 4531 ..,..-.---.41
520 4522 605 4529 ...αι
616 4519 854 4528 *---.---
868 4521 984 4527 ·.--—---
992 4522 1031 4527 mn-.
1080 4524 1121 4529 ,..
1144 4526 1151 4530 .
1162 4526 1193 4530 μ..
1214 4524 1404 4532 .-—-—-——-···

504 4603 510 4634 ¹
530 4604 601 4655 Giles
613 4604 643 4652 de
655 4600 755 4661 Bruose⁵
767 4616 796 4651 or
807 4602 907 4650 Brewse
920 4600 1040 4662 (lausve,
1052 4603 1101 4651 vol.
1114 4604 1130 4653 i.
1144 4621 1167 4668 p,
1180 4611 1250 4670 458).

501 4686 511 4714 '·'
528 4682 608 4746 Hugh
620 4683 651 4731 de
663 4681 770 4739 Brausa,
781 4695 810 4729 or
820 4679 899 4743 Ilugh
910 4680 941 4729 dc
952 4679 1094 4743 Mspeuore.

502 4764 511 4792 ⁸
528 4761 598 4811 Most
608 4760 731 4824 probably
741 4758 856 4810 Willitm
868 4757 958 4807 Foli⁰t
