3218 5640
353 770 410 832 -92
657 781 907 832 canruufflun
929 783 1139 832 uouisrunu

365 957 578 1028 pertinentibus
604 957 635 1010 in
662 964 844 1028 perpetuum.
880 958 919 1012 Et
937 958 963 1013 si
988 958 1075 1013 dictis
1093 959 1192 1014 abbati
1210 964 1240 1013 et
1265 957 1426 1013 conventui

367 1041 466 1096 Sancti
485 1040 567 1094 Petri
593 1041 658 1094 loco
683 1047 714 1095 et
742 1041 877 1096 terminis
907 1043 1124 1113 praenominatis
1143 1042 1180 1096 de
1204 1042 1284 1098 dicto
1302 1041 1425 1096 redditu

365 1124 512 1196 plenarie¹
525 1125 709 1180 satisfactum
720 1143 779 1180 non
792 1126 891 1190 fuerit,
906 1127 1159 1197 quotienscunque
1177 1127 1233 1181 hoe
1250 1126 1424 1196 contigerit,

365 1215 472 1263 extunc
489 1215 571 1263 certa
587 1209 778 1263 conventione
796 1210 864 1262 hinc
882 1209 951 1264 inde
968 1228 1115 1272 concessa,
1140 1210 1231 1264 liccat
1246 1210 1425 1264 memoratis

365 1293 464 1348 abbati
493 1300 524 1347 et
552 1293 708 1348 conventui
739 1293 841 1348 Sancti
872 1294 953 1348 Petri
984 1301 1014 1348 et
1046 1311 1148 1348 eorum
1188 1293 1425 1358 successoribus,

364 1377 521 1447 praedictos
538 1376 675 1431 abbatem
701 1383 732 1430 et
756 1390 933 1431 conventum
952 1378 1054 1432 Sancti
1070 1378 1234 1448 Augustini
1262 1384 1295 1432 et
1319 1395 1426 1431 eornm

364 1478 556 1524 successores,
569 1467 630 1514 tam
640 1460 719 1531 apud
731 1460 951 1533 Asscleworpe²
970 1479 1058 1531 quam
1076 1461 1156 1531 apud
1173 1461 1352 1524 Pcthearre,³
1369 1478 1426 1531 per

364 1562 553 1615 quascunque
580 1544 637 1598 sibi
656 1544 802 1599 viderint⁴
820 1544 957 1615 expedire
982 1544 1192 1609 districtiones,
1224 1546 1288 1599 sine
1306 1550 1425 1600 contru-

363 1628 490 1684 dictione
520 1629 655 1682 continue
686 1633 745 1681 tarn
774 1627 826 1682 diu
844 1628 1032 1697 distringere,
1052 1636 1083 1683 et
1100 1629 1302 1684 districtiones
1320 1634 1425 1683 tenere

362 1713 455 1767 donec
480 1718 542 1766 tam
568 1711 605 1765 de
623 1711 783 1781 arreragiis
809 1710 881 1766 dicti
899 1711 1031 1765 redditus
1058 1730 1147 1781 quam
1165 1712 1273 1775 taediis,
1293 1710 1424 1777 damnis,

363 1803 393 1851 et
428 1795 589 1858 laboribus,
627 1796 780 1849 occasione
819 1794 969 1849 dilationis
1011 1796 1168 1850 solutionis
1198 1795 1345 1865 ejusdem,
1378 1795 1425 1851 eis

362 1880 448 1950 plene
478 1880 570 1934 luerit
599 1879 792 1934 satisfactum.
837 1878 916 1933 Dicti
946 1884 1045 1933 antem
1072 1879 1162 1933 abbas
1188 1886 1217 1934 et
1240 1879 1426 1934 conventus⁵

363 1963 461 2018 Sancti
474 1963 556 2018 Petri
568 1961 780 2017 Gloucestriae⁸
797 1968 888 2016 tolum
899 1962 1070 2032 praedictam
1081 1971 1192 2018 terram
1204 1982 1273 2018 cnm
1285 1964 1426 2018 omnihus

362 2047 426 2101 suis
445 2047 633 2118 pertinentiis
652 2046 783 2116 praelatis
801 2045 897 2100 abbsti
917 2053 947 2100 et
964 2048 1119 2101 conventui
1140 2047 1239 2101 Sancti
1257 2047 1425 2118 Augustini

360 2137 512 2187 eteorum
530 2130 752 2185 successoribus
770 2136 873 2184 contra
890 2146 991 2183 omnes
1011 2137 1114 2199 gentes
1127 2130 1374 2186 warantizabunt.

397 2214 435 2268 In
463 2215 549 2284 cnjus
580 2214 624 2268 rei
655 2213 856 2269 testimonium
893 2230 1021 2282 praesens
1058 2214 1202 2284 scriptum
1232 2215 1264 2268 in
1298 2214 1425 2269 modum

361 2299 543 2369 cyrographi
561 2299 726 2352 confectum
747 2303 801 2359 est,
820 2296 907 2367 eujus
924 2316 1013 2351 unnm
1032 2304 1158 2367 partem,
1178 2298 1280 2369 sigillo
1306 2299 1427 2354 abbatis

362 2389 393 2437 et
418 2389 580 2436 conventus
599 2381 700 2436 Sancti
727 2381 890 2449 Augustini
908 2381 1060 2442 munitam,
1083 2381 1154 2436 dicti
1180 2382 1271 2436 abbas
1296 2389 1328 2437 et
1353 2400 1426 2437 con·

360 2471 467 2521 ventus
485 2465 586 2521 Sancti
604 2464 688 2519 Petri
706 2463 898 2519 Gloncestriae
925 2464 981 2518 sibi
1010 2471 1178 2530 reservant;
1207 2466 1332 2520 alteram
1351 2484 1428 2522 vero

362 2554 487 2620 partem,
519 2548 620 2618 sigillo
646 2548 791 2602 dictorum
820 2546 935 2602 abbatis
961 2553 993 2601 et
1019 2554 1179 2602 conventus
1208 2548 1310 2604 Sancti
1338 2548 1427 2604 Petri

362 2631 564 2696 Glonceshiae,
590 2630 662 2685 dicti
690 2629 779 2685 abbas
798 2637 829 2685 et
853 2636 1012 2685 oenventus
1040 2630 1158 2686 Sanoti'
1175 2632 1342 2703 Augustini
1361 2633 1425 2688 sibi

361 2716 545 2770 retinuerunt
562 2715 739 2768 roboratam.

397 2798 467 2852 Hiis
493 2798 619 2853 testibus
651 2795 780 2867 [domino
810 2796 940 2852 Roberto
957 2797 1115 2853 Wulerand
1145 2808 1217 2854 tunc
1245 2801 1426 2857 vicecomite

363 2881 565 2944 Gloucestriae,
579 2881 696 2935 domino
713 2881 858 2936 Nieholeo
875 2881 976 2944 Poina,
990 2881 1108 2937 domino
1127 2883 1255 2940 Ricardo
1266 2884 1304 2940 de
1316 2884 1426 2941 crom-

362 2964 439 3028 hale,
458 2965 577 3019 domino
595 2963 728 3018 Johanne
745 2964 782 3018 de
802 2963 887 3020 Salso
903 2964 1032 3019 Mariseo
1049 2972 1081 3020 et
1097 2965 1211 3034 aliis.]'

691 3264 879 3330 DLXXVI.
901 3265 950 3330 De
965 3265 1100 3331 eodem?

193 3434 261 3484 Al).
277 3441 341 3486 111⁵
396 3434 621 3508 T[heobsldus],
641 3434 696 3490 Dei
724 3435 820 3505 gratia
837 3435 1060 3506 Wygorniensis
1087 3435 1252 3507 episcopus,
1281 3438 1425 3494 omnibns

193 3507 285 3552 411&
362 3521 579 3577 summotibus
598 3520 670 3584 suis,
690 3519 816 3573 salntem
834 3522 864 3572 et
881 3518 1121 3573 benedictionem.

194 3581 324 3642 ΜΨ·
397 3605 505 3660 Scistis
522 3622 571 3658 me
588 3603 767 3658 concessisse
794 3609 824 3656 et
842 3602 1001 3673 episcopali
1027 3602 1200 3658 auctoritate
1228 3604 1425 3663 confirmasse

193 3648 287 3699 inm
360 3684 561 3757 W[illelmo]¹⁰
567 3686 665 3741 abbati
674 3694 705 3740 et
712 3685 860 3740 monachis
870 3687 1001 3740 ecolesiae
1012 3685 1110 3741 Sancti
1122 3687 1204 3741 Petri
1213 3687 1424 3756 Gloncestriae,

360 3772 516 3827 eeclesiam
542 3770 656 3825 Sanctae
681 3768 784 3822 Merite
809 3767 846 3821 de
872 3767 1064 3836 Quenintone,
1091 3787 1160 3824 cuin
1191 3772 1330 3829 omnibus
1351 3793 1422 3845 per-

367 3953 600 3962 .-——.—-.-

394 4079 401 4108 1
416 4077 543 4142 Pham]
563 4078 643 4141 plene,
656 4076 720 4140 Bag.
732 4077 763 4125 B.
942 4080 952 4106 ⁶
972 4076 1142 4145 Glosccstrioe]
1161 4082 1233 4131 omit.
1244 4082 1310 4148 Reg.
1322 4085 1358 4134 Β.

394 4154 861 4221 mmmdsssseleworthesseg·
942 4170 950 4195 ⁷
969 4168 1071 4234 Sancti]
1091 4171 1168 4220 Aster
1187 4172 1238 4222 this
1254 4177 1326 4226 word
1347 4177 1424 4229 there

389 4272 396 4285 ,
909 4247 931 4295 is
942 4262 957 4295 a
968 4247 1046 4312 slight
1058 4264 1160 4300 erasure
1172 4252 1200 4300 in
1211 4253 1255 4302 the
1266 4253 1326 4305 MS.

397 4313 564 4377 weuram]
583 4313 737 4371 nescim,
748 4312 810 4376 Res·
823 4312 854 4361 R
941 4338 1078 4390 mmm.
1096 4378 1103 4391 .
1120 4380 1127 4391 .
1147 4352 1188 4391 ,ιι
1199 4342 1272 4410 ara]
1292 4346 1424 4412 Suppiied

397 4391 597 4457 menum]
611 4389 861 4454 viderintsibtffls·
908 4416 1091 4484 fromage.

940 4511 950 4537 ⁹
967 4509 1031 4558 This
1042 4511 1132 4560 should
1144 4514 1176 4562 be
1187 4514 1363 4575 Quenintonc.

881 4570 885 4689 A
942 4601 960 4630 ¹·
975 4600 1091 4652 Willism
1103 4604 1245 4656 Godemon.

881 4692 885 4727 1

363 4237 387 4285 Β

364 4471 387 4519 Β

389 4507 406 4578 '⁸
421 4548 563 4613 mmm]
583 4549 613 4596 In
624 4548 668 4598 the
685 4548 740 4598 MS.
756 4548 798 4596 the
814 4548 862 4596 last

362 4629 435 4677 letter
450 4628 481 4675 os
496 4627 547 4676 this
560 4629 628 4676 word
644 4627 667 4675 is
684 4626 783 4675 written
795 4640 861 4688 upon

360 4721 393 4756 an
404 4720 510 4756 emme.
881 4730 886 4765 ι
