3218 5640
386 781 449 846 162
674 793 922 847 caarurnmun
945 792 1156 847 uosasraan

383 972 415 1025 in
433 971 556 1025 ecclesia
575 987 628 1025 sua
639 970 796 1024 monachos
815 970 957 1033 fecerunt,
978 972 1008 1024 in
1034 976 1207 1041 perpetuam
1233 970 1436 1036 elemosinam,

383 1055 504 1109 liberam
516 1061 546 1110 et
558 1055 687 1126 quietam
701 1055 736 1109 ab
750 1055 827 1109 omni
847 1055 1006 1119 exactione,
1022 1064 1053 1109 et
1070 1054 1279 1110 consuetudine
1292 1056 1438 1119 saeculam',

383 1145 413 1194 et
431 1139 561 1205 servitio,
581 1146 642 1194 tem
660 1137 756 1209 regali
774 1157 861 1209 quam
880 1156 955 1202 meo,
976 1140 1017 1194 ita
1043 1145 1077 1194 ut
1103 1139 1202 1193 nullus
1221 1140 1372 1195 haerednm
1391 1140 1439 1195 vel

383 1242 586 1279 successorum
598 1241 731 1279 meorum
743 1224 874 1295 aliquam
887 1224 993 1279 habeat
1004 1224 1244 1280 reclamationem
1255 1225 1287 1279 in
1299 1224 1442 1297 proedicta

382 1315 463 1363 terra
480 1310 528 1364 vel
546 1309 722 1364 molendino.

419 1391 502 1460 Quod
514 1395 584 1466 qnia
596 1398 692 1448 ratum
705 1394 772 1450 volo
790 1401 821 1450 et
832 1394 1037 1450 inconcussum
1050 1394 1243 1466 inposterum
1256 1411 1438 1466 permanere,

383 1478 521 1550 praesenti
539 1485 636 1544 cartre,
657 1485 712 1535 etc.

728 1690 912 1759 DCXOIV.
937 1691 985 1756 De
1007 1691 1087 1758 We.

419 1861 520 1919 Sciant
550 1868 708 1934 praesentes
728 1868 758 1917 et
789 1863 890 1927 futuri,
924 1863 1001 1935 qnod
1020 1880 1076 1934 ego
1101 1863 1236 1925 Thomas,
1256 1862 1315 1918 Dei
1341 1864 1440 1935 gratia

382 1946 472 2002 abbas
499 1947 600 2002 Sancti
618 1948 701 2002 Petri
721 1947 924 2011 Glmcestriae,
954 1953 985 2002 et
1010 1954 1171 2002 conventus
1199 1946 1342 2018 ejusdem,
1370 1966 1439 2002 eon·

382 2032 524 2087 cessimus
549 2031 693 2087 Nieholao
712 2032 772 2086 lilio
803 2032 963 2086 Hodiernus
983 2037 1075 2085 totam
1101 2037 1211 2086 terram
1241 2032 1326 2085 illam
1357 2033 1439 2103 apud

381 2116 530 2174 Wiehium
544 2134 632 2186 quam
650 2115 760 2171 Editha
777 2116 881 2170 relicta
893 2114 1014 2169 Ricardi
1032 2116 1128 2170 tenuit
1145 2134 1163 2169 a
1182 2114 1276 2179 nobie,
1298 2121 1329 2169 et
1347 2134 1438 2188 qnam

381 2201 417 2255 ab
435 2201 501 2271 ipsa
519 2201 654 2266 emimus,
675 2206 704 2253 et
729 2208 839 2255 terram
867 2199 950 2254 illam
976 2217 1064 2270 quam
1084 2201 1146 2271 ipse
1165 2199 1247 2270 prius
1267 2206 1404 2255 tenuerat
1420 2219 1439 2255 a

379 2285 482 2350 nobis;
502 2285 641 2339 tenendas
668 2284 704 2338 de
724 2284 807 2338 nobis
830 2285 859 2338 in
878 2283 972 2348 feodo,
986 2290 1016 2338 et
1033 2284 1212 2348 hereditate,
1232 2301 1286 2356 pro
1305 2285 1438 2356 quinque

380 2369 483 2423 solidis
511 2371 660 2424 annuatim
687 2367 842 2422 reddendis
869 2368 982 2423 duobus
1010 2369 1155 2434 terminis,
1181 2368 1368 2423 medietatem
1400 2370 1438 2426 ad

380 2453 488 2510 festum
516 2454 615 2509 Sancti
642 2453 806 2516 Michaelis,
834 2459 865 2508 et
890 2453 1079 2508 medietatem
1103 2453 1141 2508 nd
1170 2452 1437 2510 Annuuciationem

380 2537 479 2592 Beatae
505 2538 616 2592 Marisa.
656 2537 739 2591 Idem
758 2554 828 2592 vero
846 2535 1008 2592 Nicholaus
1023 2537 1224 2608 juramentum
1250 2537 1336 2591 nobis
1361 2557 1437 2610 prae·

382 2623 458 2677 stitit
484 2622 562 2693 quod
590 2620 684 2675 fidelis
709 2621 767 2675 erit
792 2621 924 2675 ecclesiae
954 2628 1062 2676 nostrie
1080 2621 1116 2675 de
1148 2621 1286 2675 solvendo
1316 2623 1437 2678 redditu

384 2714 485 2763 nostro
505 2707 646 2777 plenarie,
668 2712 698 2759 et
725 2705 803 2776 quod
830 2723 883 2759 nee
911 2713 1004 2760 artem
1030 2724 1083 2760 nee
1110 2705 1262 2776 ingenium
1289 2707 1435 2778 exquiret,

379 2792 457 2846 unde
475 2791 579 2846 domus
610 2794 709 2845 nostra
736 2807 789 2861 per
813 2795 949 2846 tenuram
974 2809 1058 2845 suam
1078 2791 1218 2845 damnum
1241 2790 1385 2855 incurrat,
1406 2798 1437 2846 et

381 2876 459 2948 quod
477 2894 572 2947 neque
591 2875 762 2947 praedictam
780 2880 890 2928 terram
902 2875 1018 2940 vendet,
1038 2893 1133 2946 neque
1146 2875 1316 2939 escambiet,
1337 2894 1436 2948 neque

379 2961 411 3014 in
449 2961 650 3016 vadimonium
676 2964 773 3030 ponet,
811 2976 907 3031 nequo
942 2959 979 3015 ad
1015 2959 1106 3014 alium
1142 2960 1240 3014 locum
1276 2959 1435 3031 religionis

379 3046 548 3110 transferet,
569 3045 632 3100 sine
651 3061 774 3098 assensu
791 3049 902 3099 nostro.

415 3129 498 3200 Quod
517 3128 588 3201 quia
601 3134 699 3183 ratum
718 3133 749 3183 et
767 3127 971 3184 inconcussum
991 3145 1108 3184 manere
1125 3128 1272 3197 volumus,
1292 3131 1348 3185 etc.

693 3396 856 3464 DCXCV.
888 3398 1141 3466 Wiaclieccmbe.

212 3572 281 3623 ΑΙ).
296 3579 359 3626 1100
414 3569 573 3634 Heminae,
595 3568 650 3623 Dei
670 3569 768 3637 gratia
782 3586 834 3624 rex
845 3569 1021 3641 Anglorum,
1036 3570 1189 3642 Sampsoni
1204 3568 1435 3642 [wigorniensi]

212 3647 305 3691 -lll2.

214 3718 253 3769 0f
264 3719 337 3770 win-

212 3786 356 3840 cheenmbe.

209 4686 248 4737 ef
256 4687 334 4739 Wirn.

380 3655 524 3726 episeopo,
544 3659 574 3708 et
592 3654 724 3708 Waltero
741 3654 917 3719 vicecomiti,
931 3661 962 3710 et
980 3655 1114 3711 omnibus
1127 3655 1296 3721 baronibus,
1311 3655 1436 3713 Francis

379 3746 409 3793 et
425 3739 543 3809 Anglis,
563 3737 600 3791 de
619 3736 862 3802 Gloueestrssira,
883 3740 1018 3795 salutem.

414 3822 521 3879 Sciatis
554 3841 602 3876 me
633 3822 811 3877 concessisse
843 3822 950 3878 Sancto
980 3825 1068 3878 Petro
1108 3824 1144 3878 de
1175 3823 1372 3890 Gloneestria,
1405 3832 1437 3881 et

377 3907 528 3963 monachis
546 3907 619 3969 suia,
639 3912 729 3961 totnm
747 3913 857 3962 terrem
877 3927 965 3979 quam
982 3908 1108 3963 Thomas
1121 3908 1158 3962 de
1172 3909 1279 3964 Sancto
1298 3909 1437 3966 Johanne

377 3993 421 4048 eis
448 3991 530 4047 dedit
554 3991 585 4046 in
602 3991 840 4046 Wincheeumba.
879 3993 919 4048 Et
942 3993 1010 4048 volo
1036 4002 1066 4047 et
1090 3993 1230 4065 praeeipio
1257 4000 1292 4050 ut
1308 3994 1386 4049 bene
1405 4002 1438 4051 et

378 4076 536 4131 honorifiee
564 4080 692 4140 teneant,
712 4093 780 4130 cum
799 4093 876 4139 soca,
897 4082 928 4131 et
946 4095 1022 4139 saca,
1042 4084 1160 4132 etcum
1178 4078 1271 4141 tollio,
1292 4085 1324 4133 et
1340 4085 1435 4145 team,

377 4167 409 4215 et
425 4160 641 4232 infangenepof,
674 4161 751 4215 sicut
777 4160 885 4215 habent
911 4167 941 4216 ct
965 4168 1065 4217 tenent
1089 4162 1197 4217 melius
1223 4166 1315 4218 totam
1341 4163 1435 4220 aliam

377 4251 486 4300 terram
505 4262 597 4300 snam.
635 4244 704 4300 Hiis
722 4244 857 4301 testibus.

721 4509 905 4578 DCXCVI.
929 4511 978 4576 De
993 4511 1098 4579 Wirca

415 4675 516 4732 Sciant
542 4685 702 4748 praesentes
728 4687 758 4734 ct
784 4681 885 4744 sutrini,
906 4681 983 4752 quod
1002 4700 1058 4752 ego
1084 4682 1220 4752 Regerus
1246 4681 1283 4736 de
1308 4681 1436 4740 Mortuo

375 4759 462 4828 Mari,
482 4763 603 4818 consilio
621 4770 651 4818 et
677 4780 798 4819 assensn
814 4765 963 4821 Ysabellae
987 4766 1086 4822 ureris
1113 4784 1197 4832 mem,
1216 4765 1285 4821 dedi
1312 4773 1345 4824 et
1364 4785 1437 4826 con·
