3218 5640
515 784 541 831 s.
565 784 664 831 turm
687 784 941 832 croucnsrmn
1188 770 1253 834 299

201 951 312 1005 dicum
328 954 439 1006 terram
463 954 640 1017 tenentspus,
659 955 774 1024 possint
797 956 925 1024 exigere,
946 956 993 1009 rel
1011 957 1176 1021 vendicare,
1195 957 1253 1010 nisi

200 1037 405 1091 tantummodo
430 1056 481 1091 sex
508 1056 620 1092 marcas
649 1040 798 1091 annuatim
823 1040 1044 1109 sterlingorum,
1076 1044 1154 1095 sicut
1183 1059 1255 1112 prae-

200 1119 314 1176 dictum
344 1130 398 1175 est.
450 1122 598 1176 Praeterea
628 1122 820 1192 aquietabnnt
850 1126 1005 1178 memorati
1030 1127 1112 1194 prior
1136 1134 1167 1180 et
1190 1144 1256 1179 cou-

201 1212 308 1259 rentns
339 1216 369 1259 et
400 1223 502 1259 eorum
531 1223 715 1260 successores
743 1207 876 1260 abbatem
908 1216 938 1262 et
966 1219 1139 1262 contentum
1168 1206 1256 1263 Glon·

201 1291 318 1343 oestriae
336 1296 366 1343 et
391 1290 551 1344 eorundem
575 1294 769 1351 successores,
795 1307 899 1344 versus
925 1292 1074 1344 dominnm
1104 1295 1255 1348 annuatim

200 1371 238 1426 de
257 1391 316 1426 uno
340 1376 517 1444 esperverio‚
545 1388 574 1427 et
603 1374 710 1427 facient
735 1373 853 1427 domino
878 1376 942 1443 regi
969 1386 998 1427 et
1023 1376 1089 1429 aliis
1120 1379 1254 1431 omnibus

200 1458 300 1511 mnia
317 1460 439 1512 servitia
463 1458 499 1510 de
527 1457 606 1511 dicto
633 1465 800 1511 tenemento
819 1458 917 1511 debita
935 1468 965 1512 ct
983 1474 1123 1514 consueta
1142 1463 1171 1514 in
1189 1479 1254 1531 per·

201 1549 333 1610 petum
370 1541 408 1594 Et
436 1544 461 1594 si
487 1542 620 1611 praedicti
646 1543 728 1611 prior
746 1551 776 1595 et
794 1556 954 1596 conventus
974 1554 1123 1596 eteorum
1142 1563 1257 1599 sncces-

201 1641 283 1678 sores
301 1625 432 1694 praesatis
452 1625 551 1678 abbati
570 1631 599 1678 et
617 1626 776 1678 conventui
794 1632 824 1678 ct
842 1643 944 1678 eornm
963 1629 1182 1682 successoribus
1202 1647 1255 1683 seu

200 1708 361 1762 mandem
391 1718 536 1762 attornato
565 1708 629 1762 loco
653 1718 683 1762 et
707 1709 833 1762 termino
860 1712 1089 1780 praenominatis‚
1115 1711 1152 1764 de
1176 1712 1254 1766 dicto

201 1791 320 1845 redditu
340 1793 470 1862 plenarie
491 1810 546 1844 non
566 1792 772 1855 satisfecerint,
795 1795 928 1864 quotiens
947 1794 1001 1848 boc
1020 1797 1188 1866 contigerit,
1208 1814 1254 1849 ex·

200 1883 272 1930 tnnc
290 1888 371 1930 certa
389 1878 580 1930 conventione
599 1877 667 1930 binc
686 1876 753 1929 inde
773 1878 858 1933 facta.
873 1879 960 1931 liceat
972 1882 1140 1933 memoratis
1157 1881 1255 1934 abbati

202 1972 232 2013 et
251 1962 405 2013 conventui
425 1974 453 2013 et
473 1978 573 2012 eorum
593 1961 811 2015 successoribus
830 1980 882 2013 seu
902 1979 1002 2014 eorum
1021 1974 1166 2017 attornato
1183 1982 1256 2035 pm

202 2043 298 2097 dictos
331 2045 458 2114 priorem
490 2057 519 2096 et
552 2051 728 2098 conventum
766 2058 920 2098 eteorum
957 2064 1141 2101 successores
1178 2048 1254 2118 apud

200 2125 344 2197 Welhopc
370 2146 422 2197 per
441 2128 659 2197 qualescunque
678 2127 836 2182 voluerint.
858 2146 910 2181 seu
936 2129 992 2182 sibi
1021 2130 1148 2184 viderint
1165 2131 1253 2202 'expe-

201 2209 276 2274 dire,
296 2212 494 2265 districtiones
520 2213 583 2264 sine
613 2212 842 2265 contradictione
869 2212 1056 2282 distringere,
1084 2226 1113 2268 et
1140 2216 1255 2270 distric-

202 2296 297 2349 tiones
318 2314 409 2365 tisque
428 2297 465 2349 ad
484 2297 647 2347 manerium
667 2312 753 2348 suum
772 2294 808 2347 de
828 2294 982 2350 Lutletone
1002 2299 1121 2367 pacifice
1140 2300 1253 2369 fugare,

203 2388 233 2433 et
251 2390 312 2433 tam
325 2379 376 2432 din
390 2380 498 2432 ibidem
512 2381 648 2441 retinere,
662 2396 815 2448 quousque
828 2388 887 2432 tam
899 2379 935 2432 de
949 2381 1082 2434 omnibus
1096 2384 1255 2452 arreragiis

204 2463 341 2533 praedicti
368 2463 501 2516 redditus
521 2463 665 2532 quamde
685 2461 798 2515 damnis
817 2464 966 2515 occasione
986 2464 1105 2517 insoluti
1123 2465 1254 2520 redditus

204 2547 316 2601 eisdem
337 2548 437 2611 illatis,
458 2548 587 2617 plenarie
607 2546 698 2600 fuerit
716 2547 909 2600 satisfactum.
947 2546 1025 2600 Dicti
1050 2562 1148 2602 autem
1166 2551 1254 2603 abbas

203 2640 235 2684 ct
252 2645 412 2685 conventus
432 2630 625 2684 Gioucestriae
645 2636 674 2683 et
701 2648 803 2684 eorum
831 2647 1025 2692 successores,
1045 2640 1135 2685 totam
1154 2631 1382 2703 prusa-tm&

203 2722 266 2769 tom
283 2723 402 2775 terram,
423 2733 489 2768 cum
515 2714 649 2767 omnibus
675 2715 860 2783 pertinentiis
888 2716 961 2776 suis,
991 2715 1139 2784 praedictis
1164 2717 1255 2787 priori

204 2806 236 2851 ct
259 2800 415 2851 conventui
447 2798 483 2851 de
508 2796 685 2859 Motcsfond,
711 2810 741 2851 et
771 2816 871 2851 eorum
897 2799 1124 2861 successoribus,
1156 2808 1257 2853 contra

204 2897 305 2934 omnes
330 2882 469 2935 mortales
499 2881 572 2934 adeo
598 2881 700 2943 libere,
733 2883 841 2952 quiete,
869 2889 898 2935 et
925 2883 1054 2952 pacifice,
1083 2884 1119 2937 dc
1145 2884 1255 2938 eisdem

203 2963 359 3018 tenendam
378 2965 617 3028 warantizabnnt‚
639 2966 715 3018 sicut
734 2964 836 3018 eadem
855 2982 984 3035 unquam
1010 2967 1046 3020 de
1068 2968 1136 3037 jure
1156 2977 1256 3022 tenue·

204 3055 275 3102 runt
293 3065 345 3102 seu
364 3058 462 3100 tenere
482 3060 601 3117 possent
619 3049 650 3100 in
669 3058 852 3118 perpetuum.

240 3130 277 3184 In
312 3131 395 3199 cnjus
428 3133 470 3183 rei
508 3132 709 3183 testimoninm
740 3151 868 3202 praesens
900 3135 1042 3204 scriptum
1078 3136 1109 3188 in
1138 3135 1255 3189 modum

203 3215 380 3285 cyrographi
401 3215 566 3267 confectum
585 3224 639 3275 est,
659 3216 746 3284 cujus
765 3234 852 3269 unam
871 3230 994 3285 partem,
1015 3217 1115 3286 sigillo
1136 3218 1258 3288 praedic·

203 3305 301 3353 torum
329 3299 443 3352 abbatis
468 3312 498 3352 et
525 3310 684 3351 conventus
710 3298 902 3353 Gloncestrire
927 3302 1078 3363 munitam,
1103 3304 1256 3356 memorati

202 3383 284 3453 prior
307 3392 337 3435 et
365 3397 525 3436 conventus
549 3381 607 3435 sibi
625 3390 862 3444 reservaverunt,
889 3382 1013 3435 alteram
1038 3401 1108 3437 vero
1130 3393 1254 3455 partem,

204 3465 305 3536 sigillo
333 3465 479 3519 dictorum
506 3466 612 3535 prioris
642 3474 672 3517 et
700 3474 859 3518 conventus
886 3464 922 3517 de
946 3465 1112 3519 Motesfond
1139 3468 1257 3522 robora·

203 3559 274 3614 tam,
294 3548 469 3618 saepedictus
488 3550 576 3602 abbas
595 3557 625 3602 et
649 3557 809 3602 conventus
828 3547 1021 3602 Gloucestriae
1046 3550 1103 3603 sibi
1129 3552 1256 3605 retinue-

205 3642 360 3696 mete.

534 3867 740 3932 noscunt.
769 3868 923 3954 worm.

238 4041 390 4097 Universis
411 4042 522 4094 Christi
543 4040 678 4095 fidelibus
704 4060 832 4112 praesens
852 4044 993 4114 scriptum
1015 4047 1189 4117 inspecturis
1208 4049 1255 4101 vel
1270 4055 1360 4106 (mite

203 4125 358 4187 audituris,
379 4126 470 4178 frater
499 4125 656 4187 Henricus,
678 4127 756 4194 prior
787 4125 900 4179 Sanctae
920 4129 1072 4183 Trinitatis
1100 4131 1136 4184 de
1155 4132 1345 4187 Motis-W·

205 4209 283 4273 fond,
303 4220 332 4263 et
351 4210 483 4278 ejusdem
501 4210 557 4264 loci
577 4222 746 4271 conventus,
767 4210 892 4263 salntem
912 4213 942 4264 in
962 4212 1094 4267 Domino.

239 4293 347 4348 Vestra
364 4297 478 4347 noterit
505 4295 693 4354 universitas,
714 4292 792 4362 quod
819 4295 844 4347 si
867 4298 1020 4365 contingat
1039 4297 1201 4352 Henricnm
1220 4301 1256 4355 de

204 4377 328 4448 negate,
349 4378 494 4448 qnondam
522 4384 669 4432 tenentem
699 4377 830 4429 virorum
857 4378 1064 4448 religiosorum
1090 4382 1202 4438 abbatis
1228 4396 1257 4439 et

202 4470 360 4516 conventus
391 4462 489 4515 Sancti
518 4462 600 4514 Petri
630 4459 823 4513 Gloucestriae
850 4462 928 4530 apud
947 4463 1098 4534 Weihope‚
1125 4466 1257 4524 haeredes

200 4561 269 4598 suos
282 4546 328 4598 rel
348 4549 524 4615 assignatos,
539 4562 593 4598 seu
605 4561 795 4613 quoscunque
814 4544 898 4607 alios,
915 4545 934 4598 J
936 4547 1034 4601 udaeos
1053 4549 1100 4602 rel
1113 4549 1257 4607 Christia-

201 4644 267 4691 nos,
286 4629 323 4682 ad
344 4647 416 4699 quos
443 4644 521 4682 terra
541 4629 578 4682 de
596 4627 738 4698 Welhope
765 4628 797 4681 in
822 4635 883 4682 toto
903 4630 952 4682 vel
978 4632 1008 4684 in
1036 4640 1118 4703 parte
1141 4637 1259 4689 nomine

205 4710 281 4767 dicti
298 4712 421 4767 Henrici
440 4712 488 4766 vel
505 4711 658 4767 haredum
686 4729 808 4766 suornm
827 4730 882 4768 sen
900 4715 1117 4787 “signatorum
1135 4735 1171 4773 ex
1189 4736 1261 4791 quo.
