3218 5640
552 807 580 858 a
604 805 705 856 emm
727 805 976 859 omuossma
1222 798 1285 867 175

273 982 334 1038 Pro
344 983 494 1055 religiosis
505 990 535 1038 et
546 984 677 1039 honestis
690 984 761 1039 viris
775 983 880 1039 abbate
892 984 1092 1050 Gloucestriae,
1105 1002 1135 1042 et
1148 989 1286 1044 iratribus

242 1068 383 1140 ejusdem,
402 1068 582 1141 apostolatus
609 1069 702 1126 vestri
727 1070 955 1141 praeeminentias
981 1073 1191 1143 supplicamus,
1217 1093 1287 1144 ‹gua-

241 1155 319 1209 tiuas
336 1154 445 1209 divina)
462 1154 659 1210 miserationis
678 1154 787 1208 intuitu
805 1164 836 1208 et
860 1154 1013 1224 religionis
1032 1170 1180 1229 respectu,
1197 1160 1287 1228 justis

240 1256 340 1294 soeum
376 1239 622 1312 postulatimihus
651 1257 753 1295 aurem
788 1252 894 1294 vestra
924 1239 1116 1311 benignitatis
1147 1244 1288 1298 inclinare

240 1324 347 1390 velitis,
375 1333 406 1378 et
434 1341 485 1380 sos
513 1324 552 1380 ab
568 1324 706 1380 indebitis
731 1324 933 1379 vexationibus
958 1326 1065 1395 quibus
1089 1328 1289 1398 inquietantur

242 1427 328 1481 super
344 1414 500 1480 patronatu
517 1409 709 1464 eeclesiarum
727 1408 764 1462 de
782 1408 1000 1464 Wirecesburia
1026 1420 1056 1464 et
1074 1411 1288 1468 Laverkestohe

242 1493 444 1566 preceptionis
478 1501 585 1549 vestrm
619 1494 776 1565 largitione
804 1494 948 1548 immunes
980 1495 1123 1552 efficiatis.
1160 1499 1288 1554 Maxime

241 1595 307 1633 oum
335 1595 394 1633 non
418 1578 636 1635 momentis
667 1580 850 1634 auctoritatis
881 1579 1071 1635 munimentis
1102 1592 1134 1636 et
1169 1584 1287 1654 scriptis

240 1663 395 1719 autenticis
412 1681 479 1734 quae
497 1663 627 1734 sigillata
654 1663 845 1734 inspeximus,
864 1665 1051 1736 praescriptas
1079 1666 1218 1721 ecclesias
1244 1668 1288 1722 eis

240 1756 352 1804 mtct
368 1764 435 1805 ease
453 1748 646 1812 confirmatas,
665 1766 791 1818 quorum
810 1750 900 1804 etiam
917 1751 1095 1821 transcripta
1112 1752 1168 1805 sub
1188 1752 1289 1822 sigillo

240 1844 338 1888 nostro
367 1846 398 1889 et
424 1833 599 1888 venerabilis
626 1834 724 1887 fratris
752 1835 845 1887 nostri
871 1833 1070 1889 landavensis
1096 1837 1225 1906 episcopi
1250 1836 1288 1890 ad

240 1930 344 1972 vesum
381 1918 547 1973 munitatis
578 1917 785 1973 discretionem
815 1918 951 1974 duximus
982 1919 1145 1990 dirigenda,
1183 1929 1216 1975 ut
1252 1939 1286 1974 ex

240 2020 340 2057 eorum
367 2002 546 2073 inspectione
575 2021 663 2074 super
685 2004 754 2073 jure
781 2011 1008 2057 memoratorum
1030 2005 1154 2059 fratrum
1180 2007 1288 2059 certior

239 2100 337 2141 sesua
362 2087 501 2141 reddatur
529 2086 704 2142 sublimitas.
742 2088 782 2141 Et
807 2089 876 2157 quia
902 2087 948 2140 vir
976 2089 1099 2143 illustris
1120 2089 1286 2144 Gilebertus

239 2172 274 2225 ds
292 2171 466 2227 hiuntfichet
483 2173 758 2242 prenominatam
777 2172 968 2226 ecclesiarum
994 2172 1209 2227 advocationem
1236 2192 1288 2245 per

238 2264 345 2311 resuta
368 2256 545 2327 dignationis
563 2258 738 2327 rescriptum
758 2256 889 2310 obtinere
914 2256 1071 2320 contendit,
1099 2277 1165 2312 cuin
1191 2272 1287 2312 tamen

239 2354 352 2397 certum
369 2342 510 2397 habeatur
540 2342 712 2413 saepedictas
730 2341 870 2395 ecclesias
898 2343 1074 2397 monasterio
1093 2341 1287 2397 Gloucestriat

239 2427 376 2481 canonice
400 2426 493 2480 inisse
518 2426 639 2481 collatas
664 2427 837 2498 priusquam
864 2431 947 2497 pater
974 2427 1117 2497 praelihati
1144 2427 1286 2482 Gileberti

239 2510 343 2566 tmdoe
362 2511 392 2564 iu
411 2510 518 2582 quihus
536 2510 668 2566 ecclesie
694 2512 759 2567 sitae
788 2519 1004 2581 cognoscuntur
1021 2513 1105 2582 regia
1131 2512 1287 2584 largitione

240 2603 318 2650 esset
343 2604 525 2658 consecutus,
546 2604 652 2651 affluar
673 2595 874 2658 discussionis,
903 2608 987 2667 pater
1005 2603 1112 2659 sancte,
1127 2596 1287 2668 perpendat

242 2677 396 2743 dsuicoo,
415 2686 515 2734 utrum
540 2678 578 2733 ad
605 2680 789 2749 singulorum
816 2679 1000 2734 dominorum
1028 2699 1093 2751 qum
1120 2682 1288 2751 frequenter

241 2770 347 2817 eventu
373 2764 502 2818 humano
528 2765 701 2834 contingunt
729 2766 939 2828 successiones,
960 2764 1037 2834 quod
1055 2765 1146 2819 semel
1165 2766 1287 2819 rationa-

239 2847 337 2902 biliter
354 2850 487 2904 noscitur
511 2858 653 2904 statutum
673 2862 703 2903 et
720 2850 881 2920 pontificali
893 2856 923 2903 et
935 2851 1017 2920 regio
1030 2849 1190 2903 munimine
1203 2850 1286 2903 roho·
1301 2846 1402 2897 ίΙῒῦὂ.

247 2940 341 2986 ratum
354 2934 501 3004 precipue
519 2951 586 2986 cum
605 2932 668 2986 loco
687 2933 828 3003 religioso
847 2936 885 2987 sit
897 2933 1037 2987 collatum
1053 2936 1137 3004 juxta
1154 2952 1286 3005 personae

247 3016 357 3070 laicalis
376 3018 532 3071 arbitrium
551 3019 666 3071 concuti
685 3018 789 3071 debeat
807 3030 837 3071 et
856 3018 1006 3071 infirmari.

274 3099 379 3157 Valeat
395 3102 584 3174 Apostolatus
605 3112 702 3157 vester
720 3119 837 3173 semper
856 3103 885 3155 in
904 3102 1039 3155 Domino.

531 3371 714 3438 DCCXVI.
746 3369 987 3457 osche-ofilio.

273 3553 373 3610 Sciant
390 3559 550 3627 presentat
578 3564 608 3610 et
634 3555 736 3618 futuri,
758 3552 836 3624 quod
861 3570 917 3622 ego
935 3552 1094 3615 Henricns,
1114 3550 1170 3605 Dei
1188 3551 1286 3622 gratia
1298 3552 1443 3603 Osl'rche

240 3639 325 3694 abhas
355 3648 387 3695 et
420 3647 580 3694 conventus
612 3638 712 3693 Sancti
741 3638 824 3692 Petri
855 3637 1055 3700 Gloucestrite,
1088 3636 1285 3690 concessimus
1298 3621 1402 3670 ¹¹²f‘ffl‘·

242 3723 376 3796 Philippo
402 3723 464 3777 filio
487 3722 618 3794 Philippi
650 3723 703 3777 lilii
728 3722 834 3786 Ysaac,
869 3736 978 3776 terram
1009 3734 1138 3775 nostram
1175 3720 1205 3774 in
1231 3719 1285 3773 Ur-

241 3807 416 3871 cheneielde,
436 3807 513 3861 unde
533 3807 612 3860 idem
631 3807 784 3877 Philippus
803 3806 840 3859 de
858 3805 1072 3876 praedecessore
1090 3818 1190 3860 nostro
1203 3805 1285 3858 lionae

240 3893 384 3947 memoriae
410 3893 444 3946 Τ.
467 3891 571 3946 abbate
598 3902 628 3946 et
654 3904 797 3945 conventu
817 3889 1009 3945 Gloucestrira
1034 3902 1144 3944 cartam
1171 3889 1283 3952 habuit,

240 3997 312 4050 quse,
338 3990 372 4030 ut
401 3977 519 4037 dicitur,
550 3994 603 4046 per
633 3975 845 4045 negligentiam
870 3975 1000 4029 custodis
1028 3975 1192 4044 putrefacta
1220 3982 1284 4036 est,

238 4061 389 4116 tenendam
407 4060 444 4114 de
462 4059 545 4114 uobis
564 4060 595 4113 in
614 4060 698 4113 feodo
717 4070 746 4113 ct
765 4058 944 4121 haereditate,
965 4058 1088 4111 liberam
1107 4070 1137 4111 et
1155 4058 1285 4126 quietam

237 4147 360 4200 abomni
380 4145 511 4208 servitio,
525 4162 578 4214 pro
591 4145 721 4214 quinquo
740 4143 840 4197 solidis
859 4143 942 4195 nobis
961 4143 1110 4195 aunuatim
1129 4141 1284 4194 reddendis

237 4230 273 4284 ad
299 4231 408 4284 festum
427 4229 528 4283 Sancti
546 4229 710 4283 Michaelis.
750 4228 832 4280 Idem
861 4244 930 4280 vero
957 4225 1112 4296 Philippus
1135 4227 1284 4295 juramen-

236 4324 297 4369 tum
323 4315 407 4369 nobis
426 4315 576 4385 prestitit,
596 4312 675 4384 quod
697 4313 791 4366 fidelis
810 4312 867 4365 erit
892 4311 1024 4365 ccclesioe
1046 4322 1154 4364 nostras
1172 4310 1209 4363 de
1228 4310 1284 4363 sol·

236 4399 329 4453 vendo
340 4397 457 4452 redditu
475 4408 575 4452 nostro
591 4397 731 4468 plenarie,
745 4410 775 4450 ct
793 4395 871 4465 quod
889 4413 942 4449 nec
955 4406 1048 4448 artem
1067 4412 1120 4447 nec
1133 4395 1283 4464 ingenium

235 4483 377 4554 exquiret,
408 4481 486 4535 unde
519 4481 622 4536 domus
652 4492 751 4536 nostra
782 4498 834 4550 per
867 4487 1000 4534 tenuram
1032 4497 1115 4533 suam
1145 4479 1283 4533 damnum

234 4567 371 4622 incurrat

269 4652 305 4707 ln
323 4652 407 4722 cujus
426 4651 481 4715 rei,
500 4658 555 4705 etc.
