3218 5640
524 800 553 848 a
578 798 676 849 irrui
699 798 949 851 eioucisrnin
1218 786 1262 858 47

248 973 374 1030 Noverit
386 973 562 1029 universitas
574 983 682 1039 sesua,
696 993 758 1038 nos,
772 975 809 1029 ad
821 975 1075 1045 praesentationem
1087 975 1261 1030 dilectorum

214 1061 245 1115 in
263 1059 382 1115 Christo
400 1059 527 1114 fil'mrum
544 1059 664 1115 Thomae
682 1061 795 1116 abbatis
812 1061 849 1115 de
867 1060 1061 1124 Gloucestria,
1080 1068 1112 1116 et
1129 1061 1261 1131 ejusdem

212 1144 269 1199 loci
288 1150 459 1207 cantemus,
477 1145 623 1215 recepisse
638 1144 779 1200 dilectum
796 1145 825 1198 in
838 1143 957 1200 Christo
973 1145 1065 1199 lilium
1084 1145 1259 1200 Biourdum¹

212 1228 250 1282 do
266 1228 435 1284 Budeiorde
459 1229 498 1283 ad
523 1229 679 1284 eoclesiam
703 1230 740 1283 de
765 1229 910 1292 Notium,
929 1238 960 1284 et
986 1230 1084 1299 ipsum
1106 1230 1137 1283 in
1158 1230 1259 1284 eadem

213 1314 351 1369 cumea
376 1314 549 1377 instituisse,
573 1315 616 1369 ita
640 1314 760 1385 quidem
785 1313 864 1384 quod
889 1313 969 1368 idem
994 1313 1138 1369 Ricardus
1165 1315 1259 1385 ipsam

211 1398 368 1453 ecclesiam
384 1416 453 1453 cmn
470 1399 604 1455 omuibus
629 1400 813 1470 pertiuentiis
837 1399 899 1454 suis
924 1399 1022 1469 quiete
1040 1408 1070 1454 et
1087 1398 1208 1470 pwifice
1227 1401 1257 1454 in

212 1491 387 1555 perpetuum
404 1483 583 1554 midebit3
602 1484 740 1540 solvendo
752 1484 819 1538 inde
831 1484 981 1538 annuatim
998 1483 1146 1554 pioedictis
1161 1483 1257 1538 abbati

213 1578 244 1623 et
261 1567 410 1622 monachis
427 1567 464 1623 de
476 1568 662 1624 Gloucestria
679 1570 831 1638 sexaginta
848 1567 958 1623 solidos
971 1568 1008 1622 ad
1020 1568 1093 1623 duos
1105 1569 1256 1634 terminos,

212 1653 350 1708 videlic&
360 1653 391 1706 in
408 1653 483 1708 sesto
501 1653 600 1708 Sancti
618 1654 771 1708 Michaelis
784 1654 907 1723 triginta
919 1652 1038 1717 solidos,
1051 1661 1083 1708 et
1095 1652 1133 1707 ad
1144 1652 1259 1708 Pascha

212 1738 336 1807 triginta
353 1738 472 1802 solidos,
493 1739 582 1793 saliis
607 1738 820 1810 episcopalibus
845 1737 1116 1802 consuetudinibus,
1136 1750 1166 1793 et
1190 1739 1257 1792 Lin-

211 1822 366 1876 eolniensis
385 1822 517 1877 ecclesiae
535 1823 688 1892 dignitate.

247 1904 331 1973 Quod
355 1920 389 1960 ut
414 1906 530 1960 firmum
556 1922 587 1962 et
613 1917 709 1962 ratum
735 1916 913 1978 perseveret,
931 1907 1070 1978 praesenti
1094 1908 1203 1979 scripto
1227 1922 1257 1962 et

212 1989 304 2060 sigilii
322 1991 413 2046 nostri
432 1990 594 2062 patrocinio
611 1991 827 2047 confirmamus.
864 1992 934 2048 Hiis
953 1991 1087 2047 testibus.

610 2265 650 2331 D.
674 2265 723 2331 Dc
744 2263 864 2331 eodem.

245 2433 393 2490 Honorius
422 2436 586 2508 episeopus,
617 2452 721 2491 servus
751 2450 901 2488 serrorum
932 2432 998 2498 Dei,
1035 2433 1151 2489 dilectis
1187 2435 1356 2491 ffliisottie

209 2518 308 2574 abbati
325 2527 357 2575 et
373 2522 526 2575 couventui
546 2521 646 2575 Sancti
664 2520 746 2575 Petri
764 2519 801 2574 de
815 2518 1068 2589 Gloucestresyra‚
1083 2520 1207 2576 salutem
1225 2534 1256 2577 et
1267 2518 1342 2554 m·

209 2604 398 2675 apostolicam
415 2606 654 2660 benedictionem.

246 2686 329 2742 Solet
345 2707 472 2744 annuere
491 2690 574 2744 sedes
592 2691 751 2761 apostolica
769 2690 826 2760 piis
846 2690 931 2753 totis,
952 2702 983 2743 et
1004 2690 1134 2744 honestis
1156 2705 1254 2761 peteu-

209 2774 284 2826 tinm
302 2775 438 2845 precibus
458 2777 585 2830 favorem
597 2776 761 2846 impertiri;
781 2786 945 2845 eapropter,
965 2773 1065 2828 dilecti
1087 2775 1117 2828 iii
1130 2774 1254 2829 Domino

209 2857 273 2921 tilii,
304 2860 411 2914 vestris
437 2861 528 2931 justis
558 2860 693 2931 precibus
725 2860 869 2922 inclinati,
901 2877 1040 2930 personas
1076 2874 1188 2914 vestras
1225 2876 1253 2914 et

208 2945 417 2998 uiomsterium
444 2945 474 2997 in
504 2962 562 3015 quo
591 2943 689 2997 divino
719 2944 877 3014 mancipati
907 2944 978 2997 estis
1008 2943 1158 3014 obsequio,
1186 2963 1253 2998 oum

207 3028 343 3083 omnilius
361 3046 428 3099 quai
444 3030 476 3084 in
499 3030 720 3101 praesentiarum
746 3028 959 3083 rationabiliter
982 3029 1122 3099 possidet,
1149 3038 1200 3084 aut
1224 3031 1253 3083 in

207 3113 350 3176 murum,
367 3122 524 3184 metante
542 3113 676 3177 Domino,
692 3115 782 3185 justis
801 3113 896 3168 modis
914 3114 1022 3184 poterit
1046 3113 1178 3184 adipisci,
1199 3115 1254 3169 sub
1289 3149 1293 3154 -

208 3197 294 3253 Beati
306 3197 388 3253 Petri
400 3207 431 3255 et
447 3210 547 3253 nostra
557 3199 736 3269 protectione
748 3199 935 3268 suscipimus.
972 3197 1145 3268 Specialitei·
1156 3205 1253 3253 autem

202 3283 256 3352 jus
273 3288 441 3354 pati'mstus
458 3283 649 3337 eeclesiarum
676 3282 714 3337 de
738 3282 882 3347 Nortuna,
908 3282 946 3337 de
962 3282 1191 3347 Wiredesburia,
1216 3284 1253 3337 de

208 3367 345 3440 lngele,
363 3368 401 3423 de
417 3367 577 3430 Burthona,
597 3368 633 3422 de
659 3367 844 3431 Linlieliolte‚
872 3386 939 3423 cum
965 3369 1152 3439 pensionibus
1180 3387 1251 3439 quas

204 3451 244 3506 ab
260 3451 372 3507 eisdem
388 3453 522 3507 ecclesiis
539 3453 690 3523 percipitis
718 3453 878 3513 annuatim,
904 3470 1016 3507 necnon
1041 3454 1251 3523 possessiones,

205 3535 349 3601 ratiditus,
367 3546 398 3591 et
414 3537 473 3591 alia
489 3538 565 3591 bona
581 3544 689 3600 vestra,
709 3538 787 3591 sicut
804 3555 839 3591 ea
856 3537 953 3591 omnia
975 3538 1056 3606 justa
1074 3555 1107 3590 ac
1132 3538 1252 3607 pacifice

204 3620 371 3691 poesidetis,
383 3622 468 3675 robis
479 3632 510 3675 et
526 3639 579 3693 per
591 3640 643 3676 vos
661 3620 757 3676 eidem
770 3622 947 3676 monasterio
958 3628 1066 3684 vestro,
1079 3621 1251 3676 auctoritato

203 3706 364 3776 spostolioa
380 3705 595 3770 confirmamus,
624 3713 655 3762 et
680 3707 834 3778 presentis
860 3706 962 3778 scripti
990 3706 1150 3777 patrocinio
1174 3723 1251 3760 eom·

203 3807 363 3845 munimus.

239 3873 325 3929 Nulli
355 3893 426 3946 ergo
450 3878 567 3930 omnino
591 3877 742 3930 hominum
772 3876 859 3929 licent
883 3875 957 3929 hanc
983 3875 1120 3946 peginam
1144 3880 1251 3929 nostrai

203 3960 394 4031 prmctionis
411 3968 441 4015 et
458 3962 685 4017 sufflationis
703 3960 872 4031 iufringere,
893 3960 939 4014 vel
958 3959 986 4013 ei
1004 3977 1077 4014 ausu
1095 3961 1251 4015 temerario

201 4045 357 4100 maire.

241 4127 273 4182 si
293 4131 359 4200 quis
376 4137 475 4187 autem
492 4132 548 4187 hoc
572 4137 746 4202 attemptare
769 4130 1000 4201 praesumpserit,
1018 4129 1249 4199 indignationem

203 4213 418 4284 Omnipotentis
448 4215 513 4278 Dei,
539 4222 570 4271 et
589 4215 744 4270 Beatorum
772 4215 853 4269 Petri
884 4222 914 4269 et
939 4214 1024 4269 Pauli
1041 4215 1248 4285 Apostolorum

199 4298 278 4368 ejus,
296 4317 329 4353 se
346 4300 461 4355 noverit
477 4301 672 4355 incursurum.

239 4384 349 4442 Datum
367 4387 513 4447 Laterani,
533 4386 703 4441 duodecimo
722 4384 860 4439 kalendas
881 4383 964 4438 Maii.

709 4525 948 4533 ’.ῥα-
1154 4523 1240 4530 ...-

240 4619 247 4645 ¹
265 4619 292 4680 fi
308 4618 331 4665 is
352 4617 461 4667 inteted
476 4617 502 4665 iu
526 4615 568 4665 the
590 4613 647 4666 MS.
668 4614 733 4664 aster
750 4610 893 4673 Ricardum,
915 4613 959 4661 bnt
987 4611 1048 4661 sith
1077 4611 1121 4660 tlte
1142 4613 1198 4676 sign
1221 4613 1252 4661 os

200 4711 309 4753 m
