3218 5640
370 791 436 853 110
591 881 598 900 .
665 799 915 852 chartularum
936 801 1150 855 nouasraarr

368 979 526 1051 productus
554 981 651 1046 fuerit,
672 1000 707 1036 ex
731 983 879 1054 praedictis
899 990 1007 1055 quanta
1025 985 1096 1040 fides
1115 985 1278 1044 adhibenda
1295 988 1335 1044 sit
1352 987 1419 1060 ejus

368 1065 543 1132 testimonio,
563 1068 729 1125 attendatis.
767 1069 908 1135 Valeatis‚
929 1070 993 1126 oto.¹

738 1343 846 1409 DOII.
869 1344 918 1409 De
941 1343 1057 1410 eodem.

199 1484 345 1536 All-1¹4⁵
402 1487 650 1546 Reverentissimo
676 1488 753 1559 patri
772 1492 802 1542 et
819 1487 938 1542 domino
957 1485 1109 1559 Eugenio²
1128 1487 1248 1545 Summo
1267 1489 1414 1558 Pontifici,

198 1556 289 1602 '¹¹⁵³
366 1575 456 1630 frater
474 1574 608 1644 Rogerus
627 1571 715 1628 abbas
734 1571 961 1637 Taokesburiae,³
979 1572 1107 1628 debitam
1126 1573 1290 1632 voluntarie
1303 1577 1418 1649 subjec-

199 1633 238 1684 Of
245 1635 288 1686 ¹¹¹⁰
364 1659 443 1714 tione
460 1657 672 1715 reverentiam.⁴

197 1716 273 1753 dame.

401 1743 503 1800 Sciens
529 1743 676 1804 neminem
704 1742 809 1797 debere
836 1741 975 1798 confundi
1002 1759 1100 1797 coram
1119 1742 1298 1800 sublimitate
1315 1753 1416 1803 vestra

364 1847 417 1902 pro
451 1829 575 1886 veritate
610 1828 812 1883 testimonium
848 1827 988 1899 perhibeo
1024 1827 1153 1882 veritati.
1192 1827 1417 1902 Quinquaginta

362 1915 502 1969 nimirum
515 1913 562 1969 et⁵
581 1930 631 1969 sex
643 1912 725 1967 annia
739 1913 769 1966 in
788 1911 910 1967 confinio
930 1911 1120 1968 Gloucestriae
1138 1913 1239 1969 vivens
1264 1915 1294 1969 in
1312 1915 1417 1972 habitu

362 1998 523 2069 religionis,
543 1997 677 2052 omnibus
703 1997 762 2052 hiis
781 1996 842 2051 vidi
861 1995 1113 2052 Gloucestrensem
1139 1998 1291 2054 ecclesiam
1319 2006 1415 2057 terras

362 2082 434 2139 istas
453 2081 643 2147 Otintonam,⁶
661 2081 783 2146 Lecoho,
804 2087 834 2137 et
853 2080 1010 2146 Stanedis,²
1030 2082 1165 2137 continue
1184 2089 1322 2154 tanquam
1349 2105 1416 2158 pro-

362 2170 442 2241 prias
460 2168 599 2224 tenuisse.
638 2166 836 2222 Nihilominus
856 2166 944 2221 ctiam
958 2173 1099 2238 quantum
1118 2173 1148 2223 et
1165 2175 1282 2239 patrum
1294 2170 1414 2242 scriptis

363 2259 393 2309 et
423 2252 580 2308 eorundem
610 2251 774 2306 narratione
805 2251 915 2305 firmari
945 2258 1050 2322 potest,
1080 2251 1278 2308 indubitanter
1305 2257 1414 2325 agnovi

362 2336 440 2410 quod
474 2337 591 2392 easdem
621 2337 773 2391 retroactis
808 2336 988 2407 temporibus
1019 2356 1054 2390 ex
1085 2337 1204 2407 antiqua
1231 2336 1413 2394 Merciorunr

361 2421 526 2493 principum
557 2420 709 2475 donatione
739 2419 930 2490 possederint.
981 2420 1054 2475 Haec
1084 2421 1183 2492 itaquo
1214 2439 1284 2476 vera
1314 2422 1412 2479 scions

361 2524 425 2562 esse
443 2513 582 2577 tanquam
599 2523 669 2560 vera
686 2503 835 2559 testificor.

396 2589 503 2648 Valeat
519 2596 617 2647 vestra
634 2589 802 2663 paternitas,
823 2588 890 2644 eto.8

708 2863 836 2930 DOHI.
859 2864 910 2928 De
934 2863 1051 2930 eodem.

192 3035 262 3089 Ab.
277 3043 339 3088 1145
396 3034 479 3090 Patri
497 3051 550 3089 suo
562 3038 593 3089 ot
610 2999 726 3088 domino
740 3033 860 3088 Summo
873 3032 1008 3088 Pontifici
1021 3034 1164 3105 Ragonio,
1179 3013 1269 3090 frater
1281 3035 1409 3093 Thomas

191 3109 283 3157 ⁴¹⁵3·
360 3119 397 3174 de
414 3117 573 3174 Peresore⁹
591 3117 687 3173 dictus
706 3117 805 3182 abbas,
826 3123 856 3172 et
881 3117 1007 3172 fratrum
1034 3119 1167 3188 ejusdem
1191 3120 1322 3175 eoelesioe
1341 3138 1410 3177 con·

194 3183 281 3236 (ΜΘ
358 3209 464 3260 ventus
482 3202 611 3267 humilis,
631 3201 829 3258 voluntarium
848 3200 946 3274 siquid
964 3201 1117 3273 possunt¹⁰
1131 3203 1237 3260 humili
1255 3203 1410 3262 devotione

192 3265 266 3302 same.

359 3289 523 3346 servitium.

393 3374 438 3430 De
469 3372 588 3445 querela
618 3390 706 3444 quam
736 3372 878 3428 adversus
910 3372 1065 3427 ecclesiam
1093 3373 1285 3429 Glouoestriae
1314 3377 1410 3432 movit

357 3458 593 3530 archiepiscopus
620 3456 824 3522 Eboracensis,
851 3461 913 3510 tam
944 3456 1121 3527 scriptorum
1150 3458 1285 3522 veritate,
1319 3478 1408 3530 quarn

356 3542 413 3597 fide
432 3542 522 3613 digna
538 3540 688 3607 relatione,
709 3541 752 3595 ita
778 3558 830 3596 nos
855 3541 1105 3612 predecessorum
1128 3547 1295 3597 nostrornm
1320 3546 1409 3601 certi·

357 3627 456 3682 fleant
485 3627 652 3691 auctoritas,
683 3625 761 3698 quod
786 3625 973 3697 aliquatenus
998 3626 1134 3681 dubitare
1164 3643 1221 3681 non
1250 3645 1408 3698 possumus

356 3710 526 3783 predictam
545 3710 699 3766 ecelesiam
716 3709 907 3766 nihilominus
918 3709 935 3741 ¹¹
951 3710 1028 3781 juris
1053 3710 1160 3765 habere
1178 3711 1209 3765 in
1227 3711 1314 3767 terris
1333 3731 1408 3783 quas

357 3795 551 3850 calumniatur
569 3795 704 3851 dominus
716 3795 919 3857 Eboracensis,
939 3794 1078 3850 videlicet
1095 3794 1217 3860 Lecohe,
1240 3795 1411 3864 sunedisss

356 3886 386 3934 et
404 3879 550 3942 Otintone‚
572 3897 659 3951 quarn
687 3880 717 3934 in
742 3880 800 3936 hiis
828 3880 864 3935 de
891 3879 997 3950 quibus
1025 3887 1139 3935 constat
1164 3880 1240 3950 quod
1265 3898 1314 3936 eas
1339 3899 1408 3939 oon-

357 3965 437 4019 tinue
474 3983 491 4018 a
526 3965 621 4036 prima
657 3965 703 4018 sui
740 3964 910 4020 fundatione
948 3964 1084 4020 tenuerit.
1135 3964 1212 4019 Nem
1249 3966 1303 4020 sub
1333 3985 1406 4038 rege

397 4126 417 4130 -.
428 4123 526 4130 ...υ-
536 4123 666 4129 -,.-,>-.
682 4125 685 4127 -
708 4123 716 4127 -¹
766 4124 830 4128 7—-
838 4121 1076 4129 .--........—-„-.-

390 4221 397 4250 ’
416 4218 532 4279 Valentis,
543 4219 600 4283 etc]
612 4217 704 4270 Valeat
715 4224 798 4269 vestra
807 4217 854 4268 fra-
874 4222 877 4243 *
936 4220 946 4247 ⁶
965 4217 1119 4283 Otiatonam]
1133 4217 1298 4282 Otyntunsm,
1306 4219 1405 4285 Reg.B.

356 4300 466 4359 ternitas,
478 4299 541 4363 Reg.
553 4299 584 4348 Β,
935 4299 944 4325 ⁷
964 4295 1092 4362 Stanedia]
1113 4296 1252 4355 Stanediah,
1264 4299 1327 4365 Reg.
1339 4301 1370 4351 B.

388 4382 399 4410 ²
415 4378 543 4443 urgentus
554 4378 603 4428 IIL
720 4391 722 4393 ’
936 4378 946 4406 ⁸
960 4372 1020 4441 ite]
1040 4377 1109 4426 omit.
1120 4377 1182 4441 Reg.
1194 4377 1225 4427 B.

388 4457 586 4523 ’retribuam
597 4456 783 4522 Theokesbury,
792 4456 854 4523 Reg.
935 4458 945 4486 ⁰
962 4456 990 4504 de
1002 4455 1129 4521 Pereeore]
1149 4457 1274 4518 Perscore,
1287 4458 1348 4524 Reg.
1362 4462 1393 4511 B.

354 4546 384 4595 B.
936 4538 954 4566 ¹⁰
971 4535 1053 4599 siquid
1067 4538 1182 4602 poseant]
1203 4537 1291 4602 siquod
1299 4541 1405 4602 possint,

387 4623 397 4651 ⁴
413 4619 581 4683 reverentiam]
600 4617 777 4676 obedientiam,
788 4617 852 4683 Reg.
902 4616 965 4680 Reg.
976 4615 1007 4664 B.

354 4704 384 4751 Β,
937 4698 953 4726 ¹¹
972 4695 1138 4762 nflribmr'me]
1158 4701 1274 4761 repeated
1285 4700 1312 4749 in
1324 4701 1382 4754 MS.

386 4787 396 4813 ⁵
412 4782 447 4848 et]
466 4780 535 4831 omit.
549 4778 611 4843 Reg.
623 4773 654 4827 B.
938 4778 957 4807 ¹²
975 4774 1103 4843 Stoaedie]
1123 4778 1278 4840 Stanediahe,
1290 4781 1352 4846 Reg.
1366 4783 1399 4835 B.
