3218 5640
365 800 428 862 106
653 814 900 866 cssrnmaruu
922 816 1132 868 norssrnmr

364 1001 431 1036 cum
450 983 617 1038 hominibus
636 984 686 1054 qui
705 985 736 1039 in
761 1004 796 1039 ea
814 991 895 1040 erant
922 992 952 1040 et
977 986 1110 1039 omnibus
1138 984 1324 1055 pertinentiis
1350 981 1415 1036 suis

364 1067 395 1120 in
420 1067 521 1122 eadem
550 1068 727 1123 Eboracensi
744 1070 876 1135 ecclesia,
905 1088 923 1123 a
946 1069 998 1124 lite
1024 1087 1112 1140 quam
1134 1069 1274 1124 adversus
1294 1066 1416 1133 Gloees-

363 1156 492 1205 trensem
519 1153 674 1208 eeclesiam
692 1153 854 1219 intendant,
875 1154 992 1209 omnino
1010 1153 1156 1208 recedent.
1195 1151 1332 1208 Ecclesia
1343 1167 1416 1206 vere

363 1235 564 1302 Eboraoensis,
578 1237 609 1292 in
627 1238 784 1309 praesentia
801 1239 881 1309 regis
895 1244 925 1294 et
935 1239 1026 1295 totins
1038 1239 1128 1294 curiae
1140 1236 1233 1309 ipsius
1252 1235 1414 1299 audientia,

362 1319 515 1376 calumniae
544 1327 575 1377 et
600 1321 663 1392 juri
692 1322 790 1393 siquid
816 1322 943 1378 babebat
965 1323 996 1378 in
1022 1323 1180 1389 Berthone,
1209 1320 1356 1386 Stanedis,
1384 1324 1416 1374 et

361 1403 483 1469 Inacha,
512 1405 572 1460 sive
598 1406 738 1461 membris
765 1424 866 1461 earum
892 1412 921 1462 et
951 1407 1129 1478 appendiciis
1160 1406 1295 1462 omnibns
1322 1411 1415 1475 atque

360 1490 544 1558 pertinentiis
581 1496 689 1561 praeter
731 1499 1008 1562 supramemoratam
1039 1492 1253 1557 Sardiniam,
1285 1492 1317 1546 in
1347 1507 1414 1562 per-

360 1580 481 1643 petuum
499 1575 682 1630 renunciavit
694 1593 729 1628 ex
747 1581 816 1640 toto,
837 1576 879 1630 ita
895 1576 1035 1630 nimirum
1047 1577 1125 1647 quod
1136 1593 1288 1647 nunqnam
1306 1575 1344 1629 ab
1356 1573 1414 1628 bac

360 1657 496 1730 deinceps
514 1659 721 1731 compositione
740 1660 873 1726 resiliet3
893 1678 987 1732 neque
1005 1679 1057 1733 per
1071 1680 1111 1726 se,
1132 1678 1226 1731 neque
1245 1677 1299 1732 per
1318 1658 1413 1713 alium

360 1743 467 1798 suturis
493 1744 673 1815 temporibus
702 1743 934 1800 Glaucestrensis
973 1746 1104 1800 eeclesiae
1136 1763 1224 1816 super
1253 1744 1313 1799 biis
1345 1761 1413 1814 quae

358 1827 546 1897 praediximns
565 1829 657 1882 ullam
682 1829 798 1884 omnino
816 1829 989 1895 molestiam,
1010 1830 1257 1899 inquietudinem,
1277 1827 1326 1884 vel
1346 1845 1414 1883 con·

358 1912 531 1967 troversiam
550 1913 712 1969 suscitabit.

393 1996 467 2052 Haec
485 1998 671 2053 autem'facta
684 1999 803 2053 fuerunt
814 2016 889 2054 anno
901 1997 1062 2053 Dominicae
1081 1997 1296 2055 lncamationis
1314 1994 1414 2054 mdis·

357 2080 432 2136 simo
450 2081 609 2137 centesimo
628 2082 870 2153 quinquagesimo
889 2083 1021 2154 septimo,
1044 2082 1111 2138 idus
1130 2083 1312 2148 Decembris,
1333 2083 1416 2155 apud

358 2165 581 2230 Gloucestriam,
602 2166 656 2220 sub
675 2168 841 2236 praesentia,
862 2167 938 2222 sicut
956 2167 1067 2222 dietum
1086 2173 1139 2231 est,
1160 2169 1241 2239 regis
1261 2174 1415 2223 eteorum

358 2267 430 2320 quos
451 2252 768 2322 supramemorarimus
790 2251 1005 2322 episcoporum
1027 2251 1198 2306 testimonio
1216 2251 1307 2307 etiam
1325 2269 1417 2306 vene·

357 2334 496 2390 rabilium
514 2335 647 2391 virorum
660 2335 803 2390 Gileberti
816 2334 1064 2400 Heresordensis,l
1082 2335 1221 2391 Nicholai
1239 2335 1416 2391 Laudaven·

358 2418 419 2474 sis²
437 2420 649 2492 episcoporum,
670 2420 792 2490 Rogerii
810 2419 1016 2485 Teokesbiriae,
1037 2419 1196 2490 Reginaldi
1208 2419 1413 2484 Persorensis,

358 2503 492 2559 Gervasii
519 2503 827 2576 Wynchecumbensis,
852 2503 1010 2574 Reginaldi
1037 2502 1234 2574 Radingensis
1259 2503 1413 2569 abbatum,

357 2587 475 2643 Radnlfi
499 2588 734 2653 Herefordensis,
756 2588 867 2643 Yvonis
886 2586 1063 2643 Wellensis⁸
1082 2587 1269 2652 decanorum,
1296 2587 1414 2660 Rogeri

357 2670 393 2724 dc
412 2671 605 2737 Ramesbiria,
627 2672 749 2727 Jordani
775 2672 999 2727 saresbiriensis
1024 2671 1305 2736 archidiaconorum,
1327 2671 1414 2726 Petri

357 2754 571 2821 Bathoniensis,
598 2756 722 2813 Walteri
755 2755 1007 2810 Abbendoniensis
1034 2752 1183 2827 priorum,
1205 2755 1345 2827 Hugonis
1374 2755 1414 2810 de

358 2838 506 2904 Clifforde,
544 2839 680 2895 Gaufridi
717 2839 752 2895 de
789 2839 928 2895 Glifforde
972 2840 1175 2895 canonicorum
1211 2838 1414 2906 Herefordiae,

358 2921 475 2976 Radulfi
492 2922 622 2994 Angliei,
642 2924 724 2979 Petri
743 2924 844 2979 fratris
857 2924 986 2995 episcopi
998 2924 1181 2988 Exoniensis,
1202 2925 1415 2979 canonicorum

357 3005 485 3072 Exoniae‚
500 3007 621 3064 Roberti
634 3009 750 3063 comitis
768 3008 983 3080 Ligmccstriae,
998 3007 1121 3063 Patrioii
1140 3008 1256 3063 comitis
1277 3007 1416 3063 Saresbi·

357 3089 471 3155 niensis,
503 3091 627 3147 Henrici
652 3093 688 3147 de
715 3092 826 3147 Exessa
852 3091 1060 3147 constabularii
1084 3092 1175 3164 regis,
1199 3092 1355 3147 Hnmsridi
1374 3092 1414 3147 de

358 3172 471 3239 Bohun,
491 3174 611 3230 Ricardi
629 3175 666 3230 de
684 3175 776 3246 Luey,
796 3173 916 3231 Ricardi
934 3176 970 3230 de
988 3176 1114 3240 Hamas,
1134 3175 1259 3231 Henriei
1277 3175 1314 3230 de
1333 3176 1415 3231 Pon·

356 3258 489 3324 testacia,
509 3258 633 3314 Walteri
658 3259 693 3312 de
711 3259 897 3324 Heresordia,
924 3260 971 3315 W.
991 3259 1027 3314 de
1046 3260 1237 3331 BellicampO,
1264 3259 1416 3315 Willelmi

356 3341 410 3395 filii
429 3343 579 3407 Johannis‚
599 3343 722 3398 Homini
741 3343 776 3397 de
796 3342 883 3415 Oilly,
904 3344 1008 3414 Helyae
1037 3343 1170 3407 Giffardi,
1191 3349 1221 3398 et
1239 3344 1337 3398 Helias
1357 3343 1416 3399 filii

356 3426 430 3496 ejus,
451 3427 560 3498 Rogeri
579 3427 615 3481 de
641 3427 796 3496 Berkelay,
825 3427 966 3481 baronum
990 3429 1080 3497 regis,
1101 3427 1222 3482 Roberti
1242 3427 1278 3482 ds
1296 3427 1414 3483 Wattc·

355 3510 436 3574 villa,
469 3511 592 3565 Henriei
623 3510 659 3563 dc
689 3510 874 3575 Herefordia‚
907 3510 1043 3564 Manaser
1070 3510 1175 3565 Biseth
1206 3509 1414 3582 dapiferornm

355 3611 445 3665 regis.

390 3678 637 3750 compositionem
657 3677 733 3731 hane
753 3693 806 3748 per
825 3684 933 3732 memet
957 3677 1055 3748 ipsum
1074 3683 1104 3732 et
1134 3694 1184 3732 eos
1210 3677 1262 3749 qni
1292 3696 1415 3737 mecum

354 3764 497 3834 gerebant
514 3762 594 3819 istud
618 3760 810 3817 Eboracensis
829 3762 960 3817 ccclesias
977 3762 1139 3832 negotium,
1160 3762 1275 3818 scilicet
1292 3763 1414 3820 Willel·

354 3865 436 3902 mum
453 3853 601 3903 cantorem
620 3846 842 3910 Eboracensem,
865 3845 884 3899 J
886 3846 1029 3900 ohannem
1046 3846 1274 3912 thesaurarium,
1296 3847 1413 3904 Rober·

353 3937 417 3986 tum
453 3937 522 3988 tunc
559 3931 678 4001 quidem
723 3928 968 3992 archidiaconum,
1013 3935 1115 4000 postea
1157 3948 1227 3985 vero
1263 3931 1415 4005 decanum

353 4016 576 4080 Eboracensem,
615 4021 645 4069 et
680 4013 820 4068 Thomam
857 4012 1045 4083 praepositum
1080 4013 1235 4070 Beverlaci
1266 4021 1296 4070 et
1326 4019 1413 4088 regis

353 4101 569 4164 cancellarium,
591 4097 773 4153 Willelmum
792 4096 1027 4151 archidiaconum
1044 4095 1074 4151 N
1076 4099 1276 4169 otinghamiae,
1298 4099 1319 4154 J
1321 4102 1415 4157 ohan-

353 4202 420 4239 nem
443 4185 537 4239 filium
556 4181 672 4237 Letoldi
696 4181 866 4236 canonicum
896 4180 1029 4244 Eboraci,
1063 4180 1239 4236 Osbertnm⁴
1271 4182 1412 4240 Arundel

353 4269 524 4323 canonicum
551 4266 713 4330 Bevcrlaci,
740 4265 834 4335 primo
860 4263 977 4334 quidem
1000 4282 1098 4319 coram
1126 4267 1210 4321 ouria
1233 4269 1316 4338 regis
1337 4269 1412 4325 hinc

353 4351 420 4406 inde
438 4369 615 4416 concessam,
635 4350 739 4404 deinde
757 4366 826 4404 vero
848 4353 909 4402 tam
927 4365 1048 4402 assensu
1066 4349 1157 4405 totius
1176 4351 1299 4422 capituli
1318 4371 1413 4424 quam

387 4605 394 4636 ι
412 4605 511 4656 Gilbert
522 4603 612 4653 polio,
937 4597 946 4625 ³
963 4595 1032 4646 nint
1043 4599 1106 4648 dean
1120 4598 1150 4649 oi
1158 4597 1246 4652 Wells.

385 4683 533 4734 ²Nieholns
552 4698 583 4745 ap
604 4680 721 4745 Gurgant
732 4688 760 4729 or
778 4676 851 4729 Gar·
936 4677 945 4705 ⁴
964 4675 1106 4744 osbertum]
1125 4677 1181 4730 The
1191 4681 1240 4730 last
1250 4687 1308 4746 part
1319 4683 1351 4732 of
1359 4683 1414 4736 this

351 4769 419 4828 gam,
900 4756 1104 4809 wordhasbesn
1116 4760 1369 4814 ermedintheMS.
