3218 5640
358 809 422 871 130
644 819 890 868 oanrnmmun
912 818 1120 868 uosasrunn

359 995 549 1067 quietantiam
573 996 604 1050 in
630 995 702 1052 villa
728 1012 793 1050 mea
818 996 854 1050 de
880 994 1033 1051 Bristollia
1061 995 1098 1050 de
1127 993 1208 1049 victu
1237 999 1268 1048 et
1292 993 1404 1050 vestitu

358 1081 491 1145 fratrum,
523 1082 552 1134 et
580 1079 711 1135 materiai
740 1079 887 1150 lignorum
917 1098 982 1150 qum
1007 1077 1044 1133 ad
1072 1077 1205 1149 proprios
1235 1094 1307 1132 usus
1333 1094 1405 1133 suos

359 1163 484 1218 emerint
495 1163 527 1217 in
537 1162 609 1218 villa
620 1163 657 1218 de
668 1163 828 1218 Bristollia.
866 1163 964 1219 Abbas
976 1179 1046 1219 vero
1057 1169 1087 1216 et
1098 1165 1257 1217 conventus
1269 1160 1405 1232 ejusdem

358 1247 415 1300 looi
442 1247 585 1302 concessit
611 1246 684 1301 mihi
711 1254 741 1301 et
765 1247 980 1311 comitissae
1005 1246 1083 1317 patri
1107 1252 1138 1300 et
1163 1244 1251 1300 matii
1269 1262 1353 1309 meae,
1373 1249 1405 1298 et

359 1331 487 1385 Boberto
498 1331 559 1386 filio
570 1348 644 1396 meo,
665 1336 694 1385 et
711 1330 778 1385 aliis
791 1330 892 1385 liberis
904 1331 978 1386 meis
990 1329 1134 1394 omnibus,
1148 1329 1404 1400 participationem

359 1415 522 1469 orationum
535 1433 569 1470 ac
586 1414 795 1470 beneficiorum
812 1415 942 1470 omnium
961 1432 1026 1484 qnae
1044 1414 1117 1468 finnt
1141 1414 1172 1467 in
1196 1413 1323 1468 ecclesia
1349 1428 1406 1466 sna

358 1499 390 1552 in
407 1504 588 1569 perpetuum,
618 1503 731 1569 etpost
748 1499 859 1554 obitum
876 1503 1008 1554 nostrum
1032 1496 1273 1562 communionem,
1293 1501 1356 1551 tarn
1373 1497 1406 1549 in

358 1583 566 1652 temporalibus
579 1600 667 1653 quam
685 1583 716 1637 in
734 1582 945 1654 spiritualibus,
965 1583 1042 1639 siout
1058 1581 1110 1639 uni
1127 1581 1252 1638 fratrum
1270 1579 1406 1652 ejusdem

358 1666 537 1723 monasterii.
573 1666 721 1722 'festibus

649 1958 879 2027 DGXXXIII.
903 1957 952 2026 De
975 1959 1095 2027 oomni.

394 2133 571 2200 Willelmns,
591 2151 688 2190 comes
719 2133 920 2200 Glouoestrioe,
946 2134 1077 2207 dapifero
1112 2151 1166 2190 sno
1201 2141 1232 2191 et
1267 2139 1406 2197 omnibus

359 2218 515 2274 baronibus
533 2223 563 2274 et
574 2218 740 2275 hominibus
758 2217 830 2285 suis,
850 2215 971 2276 Francis
990 2225 1020 2276 et
1031 2217 1137 2290 Anglis
1156 2223 1186 2275 et
1203 2217 1404 2290 Walensibns,

359 2303 493 2358 salutem.

395 2385 500 2442 Sciatis
521 2402 568 2441 me
593 2385 781 2451 concessisse,
808 2391 839 2442 et
865 2385 919 2442 bac
945 2392 1027 2442 carta
1043 2403 1110 2441 mea
1126 2383 1324 2456 confirmasse,
1352 2409 1407 2463 pro

359 2469 454 2524 salute
472 2470 576 2524 animm
594 2487 667 2525 meaa
686 2477 716 2524 ot
733 2470 861 2525 Hawisae
880 2470 1037 2525 comitissa
1055 2487 1137 2534 meae,
1158 2477 1188 2526 et
1206 2471 1329 2529 Roberti
1350 2476 1406 2530 filii

359 2555 427 2618 mei,
459 2559 489 2606 et
518 2552 647 2607 omnium
676 2558 893 2608 antecessorum
928 2571 1070 2618 meorum,
1102 2553 1174 2619 Deo,
1205 2560 1236 2610 et
1271 2557 1407 2614 ecclesia

358 2636 516 2691 Beatorum
542 2636 748 2706 Apostolorum
766 2637 847 2692 Petri
873 2644 904 2691 et
924 2636 1009 2691 Pauli
1028 2636 1228 2703 Gloucestriae,
1254 2644 1285 2694 et
1303 2640 1406 2698 Sancti

359 2718 496 2774 Guthlaoi
515 2719 707 2785 Herefordiae,
735 2726 765 2775 et
788 2719 957 2775 monachis¹
975 2720 1084 2775 ibidem
1102 2720 1165 2776 Deo
1192 2722 1404 2790 servientibus,

359 2803 437 2873 qnod
464 2802 523 2857 sint
548 2803 634 2858 liberi
661 2809 692 2858 et
718 2805 810 2874 quieti
837 2805 868 2858 in
894 2810 1067 2875 perpetuum
1086 2804 1122 2859 de
1142 2804 1286 2870 theloneo,
1307 2815 1340 2863 et
1367 2809 1405 2864 de

358 2886 492 2942 omnibus
511 2904 575 2957 quaa
600 2887 637 2942 ad
655 2905 723 2943 snos
748 2888 880 2958 proprios
907 2906 979 2943 usus
1003 2888 1129 2944 emerint
1145 2889 1193 2944 vel
1217 2891 1406 2949 vendiderint

358 2969 435 3040 apud
453 2970 643 3035 Bristolliam,
663 2977 693 3026 et
710 2971 846 3041 Kayrdif,
866 2976 896 3025 et
912 2971 1031 3027 Novum
1048 2973 1192 3043 Burgum.
1224 2972 1323 3042 Quare
1335 2976 1404 3032 volo

359 3060 389 3108 et
400 3053 523 3108 firmiter
540 3053 688 3125 praecipio,
702 3072 738 3109 ne
750 3056 880 3126 aliquam
890 3055 1055 3109 molestiam
1066 3056 1114 3110 vel
1126 3055 1265 3126 injuriam
1276 3058 1347 3114 inde
1360 3061 1405 3116 eis

358 3137 461 3191 inferri
486 3138 671 3209 permitattis,
701 3138 752 3194 sed
777 3156 826 3194 eos
851 3139 1071 3204 manuteneatis,
1092 3144 1123 3195 et
1146 3140 1265 3211 negotia
1282 3141 1404 3200 illorum

359 3225 497 3293 tanquam
513 3239 579 3278 mea
595 3222 715 3294 propria
730 3223 934 3294 promoveatis.
970 3223 1117 3280 rfestibus.

670 3494 889 3562 DOXXXIV.
912 3496 962 3563 De
985 3494 1103 3563 eodem.

396 3673 562 3729 Johannes²
579 3691 675 3730 comes
693 3675 866 3741 Moretnne‚⁸
890 3676 1023 3732 omnibus
1053 3675 1169 3731 ballivis
1199 3679 1229 3729 et
1258 3676 1405 3732 ministris

261 3794 268 3807 .
360 3757 431 3821 suis,
450 3757 580 3823 Francia
600 3764 631 3813 et
647 3756 761 3829 Anglis,
781 3764 811 3814 et
828 3759 1023 3824 walensibus,
1044 3759 1176 3814 salutem.

394 3840 501 3897 Sciatis
518 3858 575 3906 me,
594 3840 687 3897 divini
713 3842 821 3898 amoris
848 3844 967 3907 intuitu,
987 3842 1178 3906 concessisse,
1206 3844 1236 3896 et
1262 3847 1405 3914 praesenti

359 3924 456 3979 carta⁴
473 3925 668 3990 confirmasse,
682 3925 812 3981 ecolesiae
824 3925 908 3981 Beati
920 3926 1002 3982 Petri
1015 3924 1214 3990 Glcucestriie,
1229 3931 1260 3980 et
1271 3928 1407 3983 ecclesiae

359 4009 516 4064 Beatomm
540 4008 746 4080 Apostolorum
775 4009 857 4065 Petri
887 4017 917 4066 et
942 4011 1039 4075 Pauli,
1059 4017 1089 4065 et
1119 4009 1220 4066 Sancti
1239 4008 1404 4066 Guthlaci‘

361 4092 552 4159 Herefcrdim,
571 4099 602 4148 et
618 4094 766 4149 monachis
791 4093 900 4149 ibidem
918 4094 981 4151 Deo
1010 4093 1216 4160 servientibus,
1236 4095 1318 4165 qnod
1335 4097 1406 4167 ipsi,

360 4182 392 4231 et
407 4176 537 4232 homines
561 4182 593 4232 et
616 4177 775 4234 servientes
794 4195 904 4245 eorum,
927 4178 987 4235 sint
1011 4179 1098 4234 liberi
1124 4184 1155 4233 et
1172 4177 1266 4249 quieti
1289 4178 1323 4235 in
1340 4196 1409 4251 per·

870 4345 1027 4350 -w--ss—
1054 4344 1134 4350 η·-
1146 4342 1402 4354 -Ὰ--ἢῇ

393 4446 573 4498 'etmonoclis
591 4485 598 4501 .
614 4484 622 4499 .
639 4486 645 4501 .
663 4486 670 4500 .
687 4447 854 4515 Bristolliom]
900 4449 1046 4500 Gloucester
1067 4448 1201 4499 Cathedml
1229 4447 1351 4514 Register
1370 4450 1408 4512 A,

360 4525 486 4589 Repentcd
496 4527 523 4575 in
535 4526 592 4578 MS.
898 4529 964 4578 tiom
975 4528 1059 4578 which
1070 4526 1114 4578 the
1125 4527 1278 4577 collationis
1290 4529 1405 4581 derived

392 4606 403 4633 ²
420 4605 499 4655 Other
520 4605 604 4670 copiea
625 4605 656 4655 of
674 4605 725 4657 this
744 4608 794 4657 and
814 4606 857 4657 the
931 4610 941 4636 ³
958 4605 1100 4672 Morelaae]
1119 4607 1260 4669 Moretone,
1272 4607 1339 4673 Reg.
1351 4607 1389 4660 A.

360 4682 488 4749 following
499 4685 618 4744 ebanem,
630 4691 657 4736 to
673 4685 721 4737 No.
733 4684 855 4736 Dxuvt
932 4688 941 4716 ⁴
957 4685 1043 4752 corto]
1062 4693 1133 4737 carta
1142 4699 1206 4748 mea,
1218 4685 1283 4752 Beg.
1302 4687 1338 4738 A

359 4761 489 4825 inclusive,
520 4776 561 4816 are
590 4765 642 4815 also
670 4764 802 4816 contained
828 4764 855 4814 in
931 4764 1091 4831 ‘Gattlocfl
1111 4764 1348 4831 numanam
