3218 5640
384 739 426 804 64
672 752 920 804 caurumaiuu
942 753 1149 804 aronusrnau

382 927 585 999 supervixerit,
617 936 647 984 et
672 935 740 1000 post
772 929 836 1000 ojus
862 929 1015 986 decessum
1044 931 1193 987 continens
1219 931 1316 997 fuerit,
1342 932 1423 989 aalvo

381 1018 478 1067 tamen
496 1013 639 1084 cujusque
650 1013 719 1083 jure
738 1014 832 1085 quoad
851 1013 959 1070 dictam
976 1021 1096 1070 terram.

416 1095 575 1152 Reddendo
593 1096 660 1151 inde
678 1099 828 1152 annuatim
845 1099 928 1154 nobis
941 1106 971 1155 et
988 1100 1202 1156 successoribus
1218 1102 1325 1161 nostris
1340 1103 1424 1173 quin·

381 1198 438 1252 que
464 1181 572 1236 solidos
600 1183 716 1251 argenti
744 1182 781 1236 ad
806 1182 834 1235 le
861 1183 995 1247 hokedai,
1024 1190 1055 1239 et
1078 1185 1150 1240 duras
1176 1202 1262 1240 aucas
1292 1187 1323 1240 in
1352 1187 1426 1242 festo

382 1265 481 1321 Sancti
498 1265 670 1332 Michaelis3
697 1273 726 1321 et
744 1266 876 1323 faciendo
894 1267 962 1322 inde
975 1287 1073 1324 omncs
1091 1270 1174 1324 nobis
1193 1269 1425 1335 consuetudines,

328 1402 334 1414 ,
381 1357 483 1415 sectas,
510 1356 540 1405 et
558 1352 686 1416 servitia,
707 1351 743 1406 de
768 1352 847 1407 dicta
874 1359 954 1408 terra
981 1353 1064 1408 nobis
1090 1354 1173 1425 prius
1198 1353 1296 1409 debita
1313 1360 1343 1410 et
1359 1373 1425 1410 con·

380 1440 471 1490 sucta.
508 1435 592 1490 Idem
611 1454 681 1490 vero
693 1435 843 1491 Walterus
856 1443 886 1491 et
904 1436 924 1491 J
925 1437 1039 1492 ohanna
1055 1456 1128 1492 uxor
1146 1438 1210 1508 ejus
1225 1439 1423 1509 juramentum

379 1519 461 1574 nobis
480 1520 680 1590 praestiterunt
698 1521 777 1590 quod
795 1520 896 1576 fideles
910 1527 996 1575 erunt
1014 1521 1145 1576 ecclesiae
1165 1528 1281 1587 nostrus,
1302 1528 1331 1578 et
1348 1541 1425 1579 max-

379 1603 437 1658 ime
454 1603 492 1658 de
509 1604 655 1659 reddendo
674 1603 792 1660 redditu
810 1612 910 1661 nostro
928 1606 1057 1677 plenarie
1076 1606 1113 1660 ad
1131 1605 1268 1661 terminos
1290 1612 1423 1670 statutos,

379 1694 409 1742 ct
432 1688 509 1759 quod
534 1706 588 1743 uec
615 1696 710 1744 artem
736 1708 789 1745 uec
817 1690 970 1761 ingenium
996 1690 1159 1761 exquirent,
1179 1696 1233 1744 etc.
1283 1691 1322 1746 Ilt
1347 1692 1425 1762 quod

378 1773 530 1845 praefatam
553 1778 663 1828 terram
689 1775 764 1830 nulli
783 1775 838 1829 sub
862 1774 1000 1845 aliqualis
1025 1775 1119 1828 forma
1144 1774 1342 1830 conventionis
1365 1781 1424 1830 tra·

379 1858 456 1921 dent,
471 1857 534 1912 sine
552 1875 674 1912 assensu
692 1865 723 1913 et
739 1860 889 1914 voluntate
907 1865 1016 1914 nostra.
1062 1858 1135 1912 Post
1157 1858 1309 1913 decessum
1327 1865 1424 1914 autem

378 1943 565 2013 prelatorum
583 1942 706 1998 Walteri
725 1949 754 1999 et
776 1943 916 2000 Johannae
942 1953 1021 1999 terra
1045 1943 1167 2014 praelata
1192 1960 1258 1998 cum
1290 1943 1423 1999 omnibus

379 2026 571 2098 pertiuentiis,
592 2032 647 2082 etc.

615 2303 774 2370 DXXIX.
799 2303 847 2369 Dc
870 2304 992 2369 astricto
1018 2301 1178 2369 caerulco.

412 2468 523 2525 Notum
543 2470 582 2526 sit
593 2470 727 2525 omnibus
739 2469 933 2540 praesentibus
946 2473 976 2524 et
988 2469 1116 2535 futuris,¹
1131 2467 1208 2540 quod
1220 2483 1274 2538 ago
1285 2466 1420 2532 Thomas,

378 2551 435 2607 Dei
453 2555 550 2624 gratia
568 2555 656 2609 abbas
681 2561 712 2609 et
735 2560 893 2608 conventus
917 2553 1088 2608 monasterii
1112 2551 1210 2606 Sancti
1234 2550 1315 2607 Petri
1334 2550 1422 2606 Glou·

377 2639 501 2703 cestriae,
521 2639 559 2693 ad
577 2638 769 2694 dirimendam
788 2637 1016 2693 controversiam
1038 2655 1104 2708 quae
1123 2643 1187 2692 orte
1210 2643 1256 2691 est
1277 2636 1422 2691 internos

378 2726 408 2774 et
425 2721 613 2793 Radulphum
630 2724 759 2794 priorem
772 2731 802 2778 et
819 2722 973 2777 ecclesiam
991 2721 1076 2776 Beati
1095 2719 1222 2776 Oswaldi
1240 2737 1328 2792 super
1345 2725 1424 2776 terra

378 2822 466 2875 quam
485 2805 619 2877 Rogerus
638 2807 724 2862 Fullo
742 2806 860 2862 tenebat
883 2805 919 2860 de
944 2806 1026 2860 nobis
1044 2807 1076 2859 in
1093 2804 1219 2859 liberum
1236 2804 1422 2875 maritagium

375 2889 461 2959 juxta
479 2888 642 2956 Sabrinam,
663 2898 693 2946 ct
717 2909 806 2960 quam
830 2908 995 2945 emeramus
1023 2890 1059 2944 ab
1084 2889 1187 2944 eodem
1213 2888 1338 2960 Rogero,
1357 2906 1424 2943 con·

376 2976 519 3031 cessimus
549 2983 580 3032 et
608 2976 842 3032 confirmavimus
880 2980 1040 3030 memorato
1075 2973 1229 3045 Radnlpho
1266 2980 1295 3029 et
1327 2973 1422 3029 cidem

377 3059 508 3114 ecclesie
537 3062 688 3132 prefatam
717 3067 827 3116 terram
857 3060 958 3114 eodem
988 3059 1083 3131 pretio
1114 3076 1172 3130 quo
1201 3075 1265 3114 eam
1289 3059 1422 3121 emimus,

377 3142 491 3198 scilicet
519 3162 572 3216 pro
601 3151 714 3218 septem
744 3144 850 3199 marcis
881 3145 912 3198 in
940 3149 1125 3216 perpetuum,
1158 3142 1238 3198 salvo
1269 3148 1422 3214 patronatu

375 3234 484 3292 nostro,
499 3233 529 3283 et
540 3246 630 3285 censu
641 3235 741 3285 nostro
752 3246 856 3293 annuo,
872 3229 985 3284 scilicet
996 3246 1046 3283 sex
1065 3227 1258 3282 denariorum.
1296 3227 1335 3282 Et
1352 3228 1422 3298 quia

376 3311 479 3366 cadem
496 3318 576 3367 terra
593 3313 628 3367 de
653 3313 721 3383 jure
746 3312 906 3384 parochiali
930 3312 1057 3383 pertinet
1083 3311 1120 3366 ad
1146 3311 1299 3367 ecclesiam
1324 3311 1422 3366 Beatos

375 3395 478 3451 Maria
496 3403 561 3452 ante
578 3403 702 3469 portam,
729 3398 754 3452 si
779 3397 937 3467 contigerit
960 3396 1168 3467 parochianum
1191 3395 1259 3450 indc
1282 3396 1419 3459 amoveri,

374 3481 546 3536 restituetur
563 3480 711 3551 predictae
730 3481 861 3535 ecclesiae
883 3480 982 3534 Bootae
1001 3479 1104 3534 Mariae
1126 3478 1200 3534 alius
1218 3478 1419 3550 parochianus.

376 3563 580 3635 supradictam
609 3571 706 3619 autem
735 3570 845 3619 terram
872 3563 1012 3618 debemus
1037 3563 1236 3618 warrantizare
1255 3569 1421 3619 memorata

375 3649 506 3703 ecclesie
524 3648 609 3703 Beati
627 3647 755 3704 Oswaldi
774 3654 875 3703 contra
893 3665 992 3703 omnes
1011 3647 1181 3702 calumnias.

410 3733 479 3788 Hiis
497 3733 631 3788 testibus.

410 3816 450 3872 Et
466 3817 498 3871 in
521 3816 722 3872 testimonium
746 3822 819 3872 actae
842 3816 897 3881 rei,
923 3834 1012 3871 unam
1030 3821 1145 3888 partem
1164 3815 1252 3871 divisi
1275 3816 1420 3871 internos

374 3900 560 3972 cyrographi,
587 3918 714 3973 appenso
739 3901 840 3971 sigillo
864 3901 1036 3955 monasterii
1054 3901 1157 3966 nostri,
1183 3906 1213 3955 et
1230 3900 1329 3971 sigillo
1347 3899 1418 3956 Wil-

375 3984 456 4038 lelmi
475 3985 528 4039 filii
542 3985 684 4056 Stephani
701 3991 772 4040 tunc
790 3984 983 4049 vicecomitis,
1003 3984 1034 4038 in
1047 3985 1173 4039 ecclesia
1190 3983 1273 4038 Beati
1293 3983 1419 4039 Oswaldi

375 4067 613 4125 contradidimus.
661 4069 796 4124 Alteram
826 4073 949 4140 partem,
982 4085 1110 4140 appenso
1141 4067 1240 4138 sigillo
1268 4068 1419 4122 memorati

375 4150 503 4222 prioris²
524 4152 673 4225 Radulphi
691 4161 722 4210 et
744 4153 833 4209 simul
858 4153 958 4224 sigillo
981 4153 1096 4225 prefati
1120 4151 1308 4217 vicecomitis,
1331 4169 1419 4225 penes

375 4251 428 4289 nos
446 4235 630 4303 retinuimus,
650 4243 705 4294 etc.

412 4468 540 4534 ¹suturia]
568 4470 624 4521 The
646 4474 737 4522 second
759 4473 832 4523 letter
854 4474 885 4521 of
957 4476 967 4506 ¹
979 4473 1085 4539 prioris]
1104 4473 1219 4537 repeated
1230 4472 1256 4521 in
1269 4470 1325 4520 MS.

377 4547 428 4598 this
439 4549 509 4599 word
520 4548 542 4598 is
551 4549 648 4601 written
658 4567 724 4617 upon
732 4567 764 4603 uu
772 4566 879 4603 erasure.
