3218 5640
550 783 576 831 s.
599 783 699 830 rnrnr
721 783 971 832 oroucnsrmn
1270 770 1290 832 9

237 959 352 1012 scilicet
374 953 454 1027 quod
470 957 497 1010 si
515 955 626 1027 aliquis
641 955 679 1010 de
698 956 884 1027 parochianis
904 956 1019 1011 &batis
1037 966 1068 1010 et
1084 957 1292 1009 monachornm

238 1042 339 1096 Sancti
371 1041 464 1104 Petri,
496 1041 614 1095 scilicet
641 1040 774 1094 ecclesiae
804 1039 905 1094 Beate
940 1039 1044 1094 hlarim
1080 1046 1148 1093 ante
1178 1050 1292 1110 portam

236 1125 371 1188 abbatim
390 1134 423 1179 ct
446 1125 547 1179 Sancti
571 1124 716 1178 Johannis
735 1124 888 1195 Bapustae,
908 1132 940 1179 et
955 1125 1081 1179 aliarum
1099 1123 1292 1178 ecclesiarum

237 1210 392 1264 cimiteriis
410 1209 573 1264 carentium
602 1210 634 1264 in
657 1209 731 1262 villa
755 1207 950 1263 Gloucestriae
967 1209 1102 1272 sitarum,
1121 1208 1200 1279 apud
1219 1208 1293 1261 Lan-

239 1294 379 1357 thonism,
398 1292 513 1347 duobus
536 1292 585 1346 vel
604 1291 700 1347 tribus
717 1291 922 1361 praesentibus,
942 1291 973 1346 in
997 1302 1128 1347 extrema
1145 1293 1293 1346 voluntate

239 1377 420 1448 mmmm
446 1376 581 1447 elegerit,
600 1376 732 1431 canonici
759 1376 814 1430 hoc
839 1375 937 1446 ipsum
963 1377 1113 1430 monachis
1138 1376 1294 1430 denuncia-

239 1461 321 1526 hunt,
340 1469 372 1516 et
394 1461 438 1516 ito
460 1460 553 1514 libere
574 1467 605 1516 ct
622 1461 743 1531 pacifice
764 1459 866 1514 licebit
884 1461 1032 1515 canonicis
1053 1460 1084 1513 id
1103 1461 1200 1530 ipsum
1220 1461 1293 1513 reci·

240 1563 320 1616 pere.
356 1544 502 1600 Similiter
528 1544 555 1598 si
580 1544 689 1614 aliquis
714 1543 751 1597 dc
778 1544 962 1613 parochianis
988 1545 1193 1599 canonicorum
1220 1544 1294 1597 lasn-

240 1629 348 1683 tlsoniae
375 1630 406 1683 in
432 1628 506 1682 villa
529 1628 730 1691 Glocoestriae,
756 1628 871 1682 scilicet
897 1628 1030 1683 ecclcsiae
1060 1629 1160 1682 Beatm
1189 1627 1293 1682 Mariae

240 1714 318 1767 infra
352 1719 466 1783 portam
501 1712 671 1776 australem,
703 1719 734 1766 ct
770 1711 870 1766 Sancti
904 1712 1039 1767 Audoeni
1076 1720 1158 1767 extra
1193 1730 1293 1766 muros

238 1797 377 1860 civitatis,
397 1796 476 1867 apud
502 1796 657 1851 ecclesiam
676 1795 776 1850 Sancti
794 1795 888 1858 Petri,
909 1796 1022 1851 duobus
1041 1797 1088 1850 vel
1106 1797 1201 1851 tribus
1219 1814 1292 1866 prae-

241 1881 383 1944 scachos,
402 1881 433 1935 in
458 1887 589 1935 extrema
615 1879 764 1934 voluntate
791 1879 973 1948 sepulturam
1000 1880 1133 1951 elegerit,
1159 1879 1294 1933 monachi

241 1966 295 2020 hoc
322 1966 419 2036 ipsum
445 1966 593 2019 canonicis
619 1964 845 2027 denunciabunt,
872 1971 903 2018 et
932 1964 974 2018 ita
999 1964 1089 2019 libere
1114 1972 1144 2019 et
1173 1965 1293 2035 pacifice

240 2050 341 2105 licebit
370 2050 520 2105 maechis
549 2050 647 2120 ipsum
677 2050 816 2119 recipere.
864 2048 912 2103 lta
937 2048 1056 2119 quidem
1082 2048 1160 2118 quod
1190 2049 1216 2103 si
1247 2047 1294 2101 sel

241 2133 398 2189 monachos
418 2133 467 2187 sel
485 2133 639 2188 canonicos
659 2133 690 2186 in
714 2132 765 2186 tali
789 2133 931 2188 electione
955 2133 1115 2201 contigerit
1130 2149 1195 2186 esse
1220 2150 1293 2202 prae-

241 2225 350 2282 sentes,
363 2217 473 2272 inmitu
491 2217 622 2272 caritatis
640 2216 799 2287 eligentem
812 2216 972 2271 monebunt
988 2227 1022 2271 ut
1033 2215 1188 2271 ecclesiam
1205 2236 1224 2270 a
1235 2234 1294 2287 qua

242 2302 363 2366 recedit,
383 2302 446 2356 sisa
465 2301 674 2356 monachorum
700 2301 762 2354 sive
788 2301 1004 2364 canonicorum,
1024 2300 1055 2354 in
1082 2301 1182 2371 aliquo
1208 2301 1294 2354 benc·

242 2387 309 2442 licio
338 2387 484 2458 respiciat,
521 2385 567 2440 Dc
589 2384 704 2455 capella
726 2391 825 2439 autem
853 2385 969 2439 castelli
992 2385 1035 2438 ita
1057 2386 1194 2439 convenit
1217 2384 1294 2439 inter

240 2489 301 2534 eos,
333 2471 411 2542 quod
441 2470 466 2525 si
504 2469 613 2540 aliquis
648 2468 685 2523 de
714 2468 837 2523 castello
872 2487 962 2539 penes
999 2469 1140 2523 Sanctum
1170 2469 1293 2522 Petrum

242 2555 423 2626 sepulturam
450 2554 508 2608 sibi
533 2553 645 2624 eligere
669 2552 805 2615 voluerit,
826 2552 952 2607 liberum
970 2553 1012 2607 sit
1028 2553 1177 2607 monachis
1196 2553 1293 2623 ipsum

240 2640 390 2710 recipere3
428 2638 565 2692 similiter
604 2637 629 2691 si
660 2654 748 2707 penes
779 2637 972 2691 Imrthoniam
1008 2637 1126 2708 sepeliri
1156 2637 1292 2702 voluerit,

241 2724 374 2779 canonici
400 2723 498 2794 ipsum
522 2720 615 2775 libere
642 2721 794 2792 recipient,
822 2722 912 2776 nullis
939 2721 1105 2793 privilegiis
1132 2721 1200 2776 hinc
1226 2721 1294 2776 inde

241 2807 406 2879 impetretis
440 2806 487 2860 vel
519 2805 711 2876 impetrandis
744 2807 814 2861 huic
844 2806 992 2860 amicabili
1027 2806 1231 2876 compositioni
1263 2807 1294 2860 in

241 2900 393 2965 posterum
410 2889 681 2963 prejudicantibus.

278 2978 363 3032 Hanc
389 2976 488 3046 itaque
514 2972 764 3045 compositionem,
785 2984 819 3029 ut
835 2980 1006 3046 perpetuam
1024 2975 1155 3030 obtineat
1172 2976 1292 3031 firmita-

242 3070 302 3116 tem
320 3067 351 3116 et
368 3060 479 3114 nullius
503 3058 688 3129 malignitate
714 3059 812 3113 valeat
836 3060 988 3123 infirmari,
1007 3062 1162 3131 praesentis
1189 3063 1292 3132 scripti

240 3145 425 3201 annotatione
451 3152 482 3199 et
508 3143 602 3214 sigilli
635 3143 728 3198 nostri
755 3144 936 3214 appositione
962 3144 1175 3201 roboravimus.
1222 3147 1291 3201 Hiis

239 3231 374 3287 testibus.

508 3462 819 3532 CCCCXXXVIIL
842 3459 892 3529 De
907 3462 1026 3530 roden

278 3633 439 3696 urbertas,
468 3631 525 3686 Dei
554 3631 652 3701 gratia
680 3629 899 3685 Cantuariensis
923 3630 1169 3701 archiepiscopus,
1201 3634 1292 3687 totius
1304 3636 1373 3686 AD.
1386 3641 1451 3688 1193

242 3720 360 3790 Angliae
387 3718 508 3789 primas,
534 3717 670 3770 omnibus
701 3714 811 3770 Christi
834 3714 971 3769 fidelibus
997 3715 1035 3770 ad
1060 3733 1134 3785 qnos
1164 3709 1395 3786 praesens·¹²⁰⁵·

241 3804 384 3874 scriptum
402 3801 577 3873 pervenerit,
597 3800 723 3855 salntem
741 3800 772 3853 in
790 3798 925 3853 Domino.
1304 3783 1394 3834 ΟΜ

276 3887 402 3941 Noverit
417 3885 593 3940 universitas
610 3893 718 3948 vestra,
731 3902 784 3938 nos
796 3883 942 3954 quandam
956 3886 1196 3955 compositionem
1216 3888 1293 3942 inter
1303 3865 1379 3901 ‘m'

241 3971 364 4027 dilectos
389 3970 466 4025 filios
486 3970 620 4024 abbatem
638 3979 669 4024 et
685 3969 842 4023 monachos
859 3968 1052 4024 Gloucestriae
1069 3981 1101 4025 et
1116 3972 1244 4042 priorem
1262 3982 1294 4028 et

241 4056 394 4111 esnonieos
419 4054 591 4108 Innthoniae
614 4070 704 4125 super
730 4053 906 4125 quibusdam
932 4054 1116 4123 pvochianis
1142 4064 1173 4111 ct
1196 4057 1391 4129 sepul-filu.

243 4142 319 4196 turis
349 4141 458 4194 saetam
483 4148 515 4193 et
537 4138 647 4208 scripto
676 4155 779 4192 eorum
808 4139 955 4192 communi
984 4139 1201 4195 corroboratam
1237 4142 1293 4197 sub

242 4224 298 4279 hac
315 4224 472 4279 verborum
488 4221 668 4277 continentia
685 4222 863 4292 inspexisse;
889 4221 1004 4278 scilicet
1027 4223 1106 4293 quod
1130 4226 1157 4279 si
1184 4226 1293 4297 aliquis

241 4308 280 4363 de
303 4307 489 4380 parochianis
506 4305 725 4369 monachornm,
750 4304 889 4361 videlicet
914 4306 1048 4362 ecclesie
1066 4309 1165 4363 Bestae
1189 4309 1292 4365 Mariae

242 4399 310 4447 aute
345 4398 461 4464 portam
502 4390 637 4455 abbatiae,
675 4397 706 4444 et
741 4389 841 4445 Sancti
885 4390 1029 4447 Johannis
1074 4393 1225 4464 Baptista,
1262 4401 1293 4451 et

241 4477 369 4532 diuum
403 4475 595 4531 ecclesiarum
638 4474 793 4529 cimiteriis
827 4476 991 4531 carentium
1027 4477 1056 4533 in
1093 4478 1167 4532 villa
1202 4477 1291 4534 Glou·

241 4561 358 4617 catria
375 4560 509 4624 sitam,
522 4558 601 4631 apud
617 4558 821 4623 Ianthoniam,
835 4559 949 4616 duobus
966 4561 1015 4616 rel
1026 4562 1123 4617 tribus
1141 4565 1292 4634 praesenti·

242 4645 307 4709 bus,
344 4646 377 4701 in
419 4651 550 4701 extrem
586 4644 735 4700 voluntate
767 4644 948 4716 sepulturam
986 4646 1121 4718 elegerit,
1160 4649 1292 4704 canonici

241 4730 298 4787 hoc
323 4731 421 4803 ipsam
445 4729 595 4786 monachis
620 4727 846 4794 denunciabant,
873 4736 904 4784 et
929 4731 973 4785 ita
997 4731 1089 4788 libere
1116 4739 1149 4788 et
1172 4733 1293 4804 pacifice
