3218 5640
494 799 521 848 s
543 799 643 849 emm
665 799 918 850 omucssmn
1165 791 1231 858 207

181 980 281 1031 torum
298 976 445 1032 Willelmi
472 983 503 1032 et
519 976 633 1041 Aliciae,
653 988 708 1033 etc.
744 979 803 1033 Pro
820 978 892 1034 hsc¹
919 986 1018 1035 sutem
1043 982 1230 1037 concessione

180 1068 214 1114 et
243 1061 398 1116 uaditione
427 1067 527 1115 nostra
555 1061 729 1132 soepediotus
756 1062 923 1118 Willelmus
954 1065 1084 1134 quinque
1113 1083 1228 1121 marcas

181 1145 391 1216 sterlingorum
408 1145 492 1200 nobis
509 1163 571 1216 praa
588 1146 721 1200 manibus
740 1147 914 1200 numeravit

219 1229 257 1284 Iu
284 1232 504 1301 praemissorum
533 1231 663 1283 omnium
689 1231 779 1284 robur
808 1237 838 1285 et
866 1229 1068 1286 testimonium
1097 1251 1228 1304 praesens

181 1314 326 1384 seriptum
344 1315 376 1368 in
392 1313 513 1369 modum
530 1314 706 1384 cyrographi
726 1315 801 1369 inter
818 1331 881 1378 nos,
901 1323 958 1369 etc.

307 1583 521 1651 Decem
543 1584 721 1661 Restione,
745 1583 872 1650 scilicet
893 1584 937 1650 in
964 1584 1102 1671 Uptmts.

217 1745 360 1802 Ommbns
389 1747 501 1802 Christi
532 1746 676 1809 fidelibus,
708 1747 899 1818 Reginaldus,
929 1746 984 1801 Dei
1015 1749 1111 1818 gretia
1140 1750 1228 1807 abbas
1239 1752 1308 1802 AD.
1322 1758 1387 1806 12⁶³

181 1828 282 1886 Sancti
299 1831 382 1885 Petri
401 1830 605 1894 Gloncestriae,
623 1838 653 1885 et
680 1831 811 1900 ejusdem
829 1832 886 1885 loci
913 1839 1083 1897 contentus,
1103 1824 1330 1889 salutem-¹2⁸⁴·

180 1914 213 1968 in
230 1914 355 1969 Domino
373 1915 590 1984 sempiternam.
1238 1898 1328 2015 me

217 1997 323 2052 Sciatis
342 1997 420 2068 quod
437 2015 505 2051 cum
522 1997 690 2050 Willelmus
708 1997 745 2050 de
764 1996 903 2052 Ocholte²
921 2005 952 2052 et
968 2005 1168 2056 antecessores
1180 2005 1227 2058 sui
1306 2004 1314 2016 ⁶

182 2081 219 2135 de
236 2082 320 2136 nobis
339 2088 368 2135 et
385 2080 649 2152 predecessoribus
674 2081 782 2134 nostris
806 2087 901 2135 totum
924 2088 1122 2138 tenementum
1141 2104 1227 2140 suum

177 2182 248 2219 eum
264 2164 449 2235 pertinentiis
468 2163 529 2218 suis
556 2164 587 2217 in
614 2165 759 2218 hameleto
777 2163 814 2217 de
832 2164 948 2234 Uptone
967 2166 1045 2235 quod
1072 2175 1118 2223 est
1136 2170 1226 2224 situm

179 2248 258 2302 inira
269 2249 433 2302 manerium
450 2253 584 2302 nostrum
597 2247 633 2301 de
646 2249 793 2301 Berthons
811 2249 984 2312 tenuissent,
997 2268 1051 2320 pro
1064 2270 1123 2321 quo
1140 2254 1225 2309 nobis

181 2332 276 2387 faeere
294 2331 458 2387 debuerunt
475 2337 505 2386 et
523 2336 736 2386 consueverunt
748 2331 900 2384 dimidiam
912 2334 1089 2402 esquieriam
1109 2337 1226 2392 nomine

181 2417 337 2487 serjantiae,
367 2416 506 2470 videlicet
535 2432 601 2469 cum
632 2414 739 2484 aliquis
770 2415 928 2469 monachus
958 2417 1089 2471 ecclesias
1118 2427 1227 2475 nostrae

180 2517 234 2571 pro
250 2500 377 2570 negotiis
396 2498 529 2553 ecclesiae
556 2498 688 2570 ejusdem
714 2497 901 2568 expediendis
919 2499 1027 2554 alicubi
1051 2508 1129 2557 esset
1147 2505 1227 2574 equi·

178 2589 303 2648 tuturus,
323 2583 462 2656 prefatus
479 2582 647 2636 Willelmus
666 2589 696 2636 et
713 2589 912 2636 antecessores
931 2583 978 2637 sui
995 2584 1078 2639 nobis
1096 2586 1228 2642 invenire

181 2667 324 2722 debebant
363 2671 393 2722 et
423 2666 554 2721 solebant
583 2685 674 2720 unum
705 2667 886 2735 esquierium
915 2684 982 2721 cnm
1011 2687 1069 2724 nno
1105 2671 1229 2725 runcino

179 2768 308 2822 congruo
327 2750 451 2805 eundem
479 2750 652 2804 monachum
677 2749 752 2802 inlra
770 2766 895 2819 regnum
912 2750 1029 2821 Angliae
1047 2759 1226 2818 secuturum,

181 2841 211 2891 ct
228 2834 323 2889 eidem
342 2835 379 2888 ab
397 2851 520 2904 egressu
533 2833 656 2887 abbatim
674 2839 781 2887 nostrie
799 2834 978 2887 serviturum
997 2835 1087 2890 donee
1104 2837 1226 2905 rediret,

178 2926 210 2975 et
226 2920 341 2975 deterre
358 2920 468 2974 lectum
487 2918 559 2972 dicti
577 2918 710 2972 monachi
730 2935 819 2987 super
836 2919 988 2989 proprium
1006 2937 1115 2990 equum
1133 2923 1227 2993 ipsius

181 3003 330 3075 esquierii,
356 3002 496 3056 videlicet
512 3019 602 3055 unam
620 3001 783 3063 culcitram,
806 3000 879 3055 duos
905 3002 1059 3073 leugellos,
1079 3011 1109 3059 et
1133 3024 1225 3062 unum

178 3088 401 3159 coopertorium,
440 3086 511 3140 item
540 3085 651 3138 librum
678 3084 750 3138 dicti
776 3085 920 3148 monachi,
956 3095 1128 3152 crassetum,
1158 3108 1225 3145 can.

179 3170 269 3232 delss,
287 3169 362 3224 duos
380 3187 481 3241 panes,
502 3175 533 3224 et
557 3168 712 3222 dimidium
738 3168 897 3222 sextarium
921 3169 982 3222 vini
1000 3171 1049 3225 vel
1076 3174 1220 3228 cervisiae.

178 3255 218 3309 Bt
251 3254 289 3308 sd
317 3254 373 3308 hoc
403 3253 568 3308 laciendum
599 3252 726 3322 prompti
757 3259 786 3305 et
815 3251 910 3322 parati
940 3252 1065 3309 fuissent
1100 3262 1131 3310 et
1159 3275 1227 3312 esse

175 3336 347 3392 debuissent
370 3354 425 3408 per
448 3336 604 3390 dimidium
631 3354 738 3389 aunum
756 3336 891 3406 quotiens
915 3337 1128 3393 rationabiliter
1146 3359 1226 3395 sum·

177 3422 278 3476 moniti
306 3421 431 3476 fuissent
461 3420 498 3474 ed
528 3426 645 3474 custum
674 3418 778 3473 domus
808 3428 925 3473 nostrae.
970 3420 1009 3474 Et
1035 3439 1101 3476 cum
1128 3423 1226 3479 dictus

177 3504 339 3576 esquierius
365 3506 443 3559 infru
461 3504 606 3559 abbstiam
634 3512 763 3556 nostram
790 3502 902 3556 ratione
928 3503 998 3558 dicti
1027 3507 1141 3560 servitii
1160 3525 1226 3578 per-

176 3587 351 3650 endinasset,
379 3589 531 3660 percipere
568 3587 691 3640 debebat
721 3590 751 3639 ct
777 3586 889 3639 solebat
913 3587 1044 3656 quolibet
1073 3589 1121 3644 die
1151 3590 1224 3646 duos

175 3681 264 3744 penes
283 3672 423 3742 esquierii
441 3688 507 3725 cum
527 3670 652 3725 cervisia
675 3669 847 3739 pertinente,
867 3676 898 3722 et
914 3687 1006 3723 unum
1024 3672 1168 3727 ferculum
1187 3674 1224 3729 de

175 3757 308 3827 coquina.
348 3754 380 3809 Si
410 3773 481 3809 vero
504 3754 658 3808 runcinum
678 3770 764 3806 suum
790 3753 820 3805 in
847 3754 967 3808 servitio
984 3756 1124 3825 predicto
1149 3759 1225 3812 mori

172 3840 356 3910 contigisset,
375 3844 490 3892 tantum
516 3837 616 3892 decem
643 3836 751 3890 solidos
780 3854 833 3906 pro
857 3836 935 3891 dicto
954 3840 1077 3893 runcino
1103 3859 1121 3894 a
1138 3842 1221 3896 uobis

174 3925 324 3994 percipere
354 3923 513 3976 debuisset.
564 3922 625 3975 Nos
662 3926 741 3974 certa
771 3921 961 3975 contentione
990 3922 1067 3976 inter
1103 3942 1154 3979 nos
1191 3934 1222 3981 et

174 4005 286 4060 dictum
310 4006 492 4060 Willelmum
520 4005 593 4058 inita
618 4010 711 4058 totum
736 4005 890 4074 praelatum
917 4007 1070 4060 servitium
1098 4009 1127 4061 in
1155 4010 1223 4063 snb-

175 4089 314 4159 scriptum
343 4090 496 4144 servitium
523 4096 733 4143 commutantes
761 4088 792 4140 in
816 4097 988 4158 perpetuum
1007 4108 1060 4159 pro
1084 4091 1167 4146 nobis
1192 4100 1223 4148 ct

175 4174 391 4228 successoribus
410 4174 518 4228 nostris
545 4172 639 4225 eidem
658 4171 807 4225 Willelmo
825 4178 856 4225 et
878 4171 1044 4227 haercdibus
1073 4177 1135 4229 suis
1154 4195 1222 4231 con·

172 4257 315 4312 cessimus
342 4265 372 4311 et
401 4258 547 4320 volumus,
569 4256 645 4326 quod
673 4255 729 4327 ipsi
748 4255 784 4308 de
808 4262 913 4309 caetero
943 4275 996 4326 per
1026 4260 1136 4329 seipsos
1164 4265 1221 4320 nisi

170 4341 337 4395 rationabili
373 4358 461 4394 causa
490 4349 519 4395 et
546 4341 681 4394 evidenti·
699 4338 808 4393 luerint
835 4339 978 4409 impediti,
1007 4350 1037 4396 ct
1066 4351 1136 4399 tunc
1166 4366 1221 4418 per

206 4573 214 4603 ¹
230 4571 292 4638 bac]
311 4575 390 4624 added
401 4574 427 4623 in
438 4574 482 4623 the
492 4576 599 4639 margin.
721 4573 749 4621 de
773 4572 861 4638 Upton,
877 4574 943 4638 quod
955 4584 991 4624 est
1002 4577 1070 4640 iustu
1090 4583 1223 4630 nuntia

205 4652 319 4702 *Intbe
334 4653 537 4718 margiubereis
555 4653 671 4715 inserted,
722 4651 866 4704 deBanon.

170 4731 386 4792 insisteslnnd,
403 4730 502 4783 oeus
517 4736 542 4782 is
559 4733 672 4784 Ιιαιιάιω
