3218 5640
357 745 401 809 24
648 760 901 814 0000000οι00
924 763 1134 815 00000000(

395 934 470 988 Cum
496 943 610 990 constet
635 937 727 1001 nobis,
748 956 801 1009 per
828 939 1046 1011 inquisitionem
1072 956 1159 1008 quum
1187 937 1251 991 fieri
1276 935 1410 994 10010000,

360 1019 436 1088 quod
464 1019 553 1073 abbas
572 1020 764 1076 Gloucestriae
788 1030 819 1078 ct
835 1024 1064 1095 praedecessores
1084 1023 1130 1078 sui
1148 1038 1298 1093 nunquam
1317 1021 1416 1073 lacere

360 1110 576 1158 consueverunt
602 1111 712 1160 sectum
742 1106 779 1161 sd
809 1107 922 1162 curiam
952 1115 1080 1163 nostrum
1112 1124 1164 1161 seu
1196 1111 1416 1160 antecessorum

359 1191 525 1243 nestrorum
547 1187 583 1242 de
601 1189 846 1262 Wodelcycstile¹
872 1210 925 1264 pro
950 1192 1078 1246 manerio
1097 1209 1150 1245 suo
1174 1189 1210 1243 de
1228 1187 1415 1258 Meyesmore

360 1290 427 1326 cnm
455 1272 638 1342 pertinentiis
664 1275 742 1346 qnod
766 1285 812 1331 est
835 1277 866 1330 in
884 1278 993 1331 forestu
1010 1282 1110 1330 nostre
1128 1275 1165 1330 de
1183 1273 1266 1336 Cors,
1287 1277 1318 1325 et
1335 1268 1416 1340 quod

359 1375 446 1411 cenes
472 1356 542 1412 dicti
570 1357 683 1413 abbatis
709 1368 740 1414 00
757 1360 909 1414 hominum
928 1378 1048 1415 suorum
1067 1360 1103 1413 (10
1120 1359 1316 1427 Moyesmore,
1336 1353 1417 1408 Har·

360 1439 463 1511 depiry
482 1447 512 1496 et
530 1440 645 1496 Ledeue
671 1461 821 1514 uunquam
848 1451 1063 1499 consueverunt
1087 1441 1258 1512 expeditum,
1278 1446 1309 1494 ct
1333 1435 1417 1492 simi-

359 1524 428 1578 liter
447 1524 525 1594 quod
543 1525 699 1596 praedictus
718 1526 807 1581 abbas
820 1534 850 1581 et
867 1526 1096 1598 praedeeessores
1116 1525 1161 1579 sui
1181 1540 1297 1594 semper
1309 1537 1418 1592 capere

360 1616 575 1663 consueverunt
599 1610 635 1663 de
661 1610 758 1665 boscis
786 1612 847 1665 suis
875 1612 951 1664 infra
980 1609 1153 1681 praedictum
1184 1607 1349 1662 manerium
1379 1603 1417 1658 de

359 1691 544 1763 Meyesmore
563 1695 711 1748 eumenis
731 1695 915 1764 pertiuentiis
935 1692 1136 1756 existentibus
1157 1693 1219 1746 sine
1238 1691 1306 1745 visu
1325 1690 1418 1743 sores·

358 1777 500 1831 tariorum
518 1783 685 1832 nostrorum
703 1796 756 1832 000
775 1778 975 1833 ministrorum
994 1793 1243 1847 quorumcunque,
1264 1791 1318 1828 seu
1336 1779 1418 1826 ante-

321 1851 327 1860 *
359 1878 509 1914 cessurum
531 1865 708 1924 nostrorum,
736 1879 789 1931 pro
813 1860 960 1915 voluntate
992 1860 1103 1914 abbatis
1129 1859 1179 1928 qui
1204 1876 1257 1929 pro
1282 1863 1417 1927 tempere

360 1944 459 2007 luerit,
480 1944 542 1997 0100
560 1944 660 2016 alique
677 1944 914 1999 contradictione.
952 1943 1098 1998 Nolumus
1112 1943 1188 1997 sicut
1206 1959 1259 1996 nco
1278 1949 1418 1995 tenemur

359 2027 477 2081 domum
499 2028 596 2082 Sancti
616 2027 699 2082 Petri
719 2028 910 2083 Gloucestriae
935 2045 987 2081 nec
1012 2026 1146 2081 abbatem
1165 2043 1216 2079 sen
1236 2030 1416 2079 conventmn

360 2111 491 2182 ejusdem
533 2111 589 2165 loci
627 2129 715 2181 snper
751 2110 898 2181 aliquibus
936 2111 1062 2164 indebite
1099 2109 1259 2164 molestari.
1317 2107 1418 2175 Quare

360 2193 495 2248 volumus
521 2201 551 2247 et
575 2193 770 2255 concedimus,
792 2211 844 2263 pro
863 2194 945 2247 nobis
965 2202 994 2246 et
1011 2193 1176 2247 heredibus
1195 2192 1314 2254 0000010,
1336 2189 1418 2261 quod

360 2277 518 2348 predictus
537 2277 626 2331 abbas
645 2285 675 2331 et
693 2295 874 2332 successores
893 2277 939 2331 sui
958 2277 1049 2347 quieti
1069 2276 1129 2331 sint
1140 2276 1176 2330 (10
1190 2283 1269 2331 secta
1282 2272 1420 2330 lbciendn

360 2359 397 2415 nd
416 2361 528 2416 curium
545 2368 675 2414 nostram
695 2359 865 2430 praedictnm
884 2360 920 2414 (10
941 2360 1167 2431 11’0(1010)’000110
1195 2379 1248 2429 pro
1272 2357 1419 2429 prmdicto

361 2445 490 2499 manerio
519 2443 555 2498 de
574 2443 758 2512 Mnycsmorc
786 2444 823 2496 in
841 2450 1032 2514 perpetuum
1061 2449 1092 2497 et
1117 2442 1194 2513 qnod
1213 2461 1300 2497 cenes
1320 2441 1367 2496 sui
1388 2448 1420 2495 ct

361 2528 512 2582 bominum
537 2544 657 2581 snorum
683 2527 719 2581 dc
744 2526 937 2596 Mayesmorc,
967 2526 1133 2597 Hardepiry
1159 2537 1189 2581 00
1213 2524 1331 2580 Ledeue
1359 2544 1419 2579 non

361 2611 583 2681 expeditentur3
613 2616 643 2662 et
667 2608 745 2678 qnod
769 2609 925 2679 praedietus
950 2609 1038 2664 abbas
1063 2617 1093 2663 ct
1110 2627 1295 2664 successores
1314 2607 1363 2662 sui
1387 2614 1421 2662 et

361 2695 451 2748 etiam
478 2692 610 2747 homiues
642 2692 689 2745 sui
719 2692 853 2762 praedicti
877 2693 1020 2748 decaetero
1046 2710 1103 2746 non
1134 2692 1331 2747 amercieutur
1363 2709 1420 2763 pro

361 2794 468 2831 canum
504 2793 625 2831 suornm
656 2774 886 2844 expeditstione;
919 2782 948 2832 et
979 2775 1116 2831 similiter
1146 2774 1224 2846 quod
1253 2775 1419 2846 predictus

360 2859 451 2913 abbas
479 2867 509 2914 et
536 2875 720 2913 successores
748 2857 793 2913 001
817 2859 933 2929 capient
950 2877 1003 2928 pro
1021 2858 1170 2914 voluntate
1189 2877 1243 2914 000
1262 2858 1298 2912 (10
1317 2858 1420 2914 boscis

361 2943 423 2998 suis
451 2942 528 2996 infru
553 2940 727 3012 praedictum
752 2942 914 2996 manerium
940 2942 977 2996 dc
1001 2942 1183 3012 Mayesmoro
1208 2941 1418 3006 existentibus,

361 3027 424 3081 0100
451 3026 517 3080 vien
544 3024 764 3079 forestariorum
792 3024 838 3077 rel
863 3025 1062 3080 ministrorum
1089 3032 1266 3089 nostrorum,
1287 3031 1318 3081 00
1336 3023 1420 3096 quod

360 3110 504 3164 decaetero
530 3125 588 3163 non
611 3107 805 3162 emereientnr
828 3125 881 3178 pro
898 3108 988 3162 viridi
1007 3126 1059 3162 000
1077 3126 1131 3178 pro
1148 3115 1242 3173 vesto,
1263 3114 1294 3164 et
1312 3109 1420 3164 licebit

360 3193 439 3248 dicto
467 3191 566 3247 abbati
593 3198 623 3246 et
650 3189 866 3246 successoribus
885 3191 946 3246 suis
965 3191 1100 3246 claudere
1118 3209 1171 3262 pro
1189 3192 1342 3247 voluntate
1362 3211 1420 3248 sua

359 3276 397 3331 (10
425 3274 520 3330 boscis
548 3274 619 3339 suis,
640 3273 711 3328 dum
736 3279 834 3328 temen
859 3291 957 3344 sepem
982 3292 1034 3329 000
1052 3274 1194 3329 fossatum
1213 3293 1270 3329 non
1290 3276 1420 3332 fecerint

360 3358 428 3415 tulis
447 3356 613 3413 altitudinis
632 3356 703 3428 quin
726 3356 796 3409 ferro
814 3362 920 3410 nostrai
946 3373 1013 3411 cum
1032 3358 1094 3411 suis
1121 3356 1248 3412 damulis
1267 3365 1298 3412 ct
1316 3360 1419 3416 fonnis

360 3443 452 3498 libero
470 3442 585 3513 possint
602 3457 702 3512 sepem
714 3457 781 3494 eum
800 3439 908 3494 fossato
925 3439 1059 3494 transire.
1098 3439 1137 3494 Et
1155 3440 1331 3496 wodewardi
1352 3443 1418 3498 sive

359 3527 495 3582 custodes
520 3523 728 3597 praedictorum
755 3523 908 3577 hoscorum
934 3521 1139 3593 praedictorum
1164 3523 1279 3579 abbatis
1299 3532 1330 3581 et
1348 3545 1419 3582 con·

358 3616 463 3664 ventus
483 3614 513 3663 et
531 3624 733 3664 successorum
752 3623 872 3661 snorum
890 3605 920 3659 in
939 3606 1084 3661 creatione
1108 3606 1239 3676 ipsorum
1259 3609 1420 3665 00010000-

358 3694 464 3748 dorum
483 3710 536 3747 seu
562 3690 716 3746 custodum
737 3689 877 3759 jurabunt
900 3688 983 3742 nobis
1008 3707 1105 3743 eorem
1132 3692 1295 3746 senescallo
1314 3701 1419 3750 nostro

309 3833 311 3837 ,
358 3774 552 3831 Gloucestriae
578 3775 628 3845 qui
655 3790 707 3841 pro
733 3779 863 3841 tempore
891 3769 980 3825 suerit
1004 3770 1173 3825 fidelitatem
1201 3773 1238 3827 do
1258 3777 1418 3832 (00001000

357 3867 459 3915 nostre
477 3857 616 3913 salvanda
633 3856 663 3910 in
682 3858 822 3926 quantum
840 3861 984 3922 poterunt.
1013 3854 1161 3908 Prmteroa
1172 3863 1283 3911 cartam
1297 3861 1418 3916 comitis

359 3942 485 3997 Gilberti
514 3941 562 3995 eri
587 3939 680 3996 nostri
707 3955 795 4008 quern
819 3936 952 4006 proedicti
971 3936 1058 3992 abbas
1077 3944 1107 3992 ct
1124 3948 1285 3996 conventus
1305 3943 1419 4000 hebent

357 4025 395 4080 de
421 4023 606 4079 libertatibus
633 4023 664 4076 in
690 4020 832 4090 proedicto
856 4018 964 4073 forestu
989 4026 1088 4075 nostru
1115 4020 1257 4078 habendis
1282 4025 1418 4083 010000-

357 4106 489 4165 cedimus
509 4112 539 4161 ot
556 4107 769 4161 confirmemus.

394 4190 431 4245 ln
448 4189 533 4260 cujus
552 4188 596 4243 rei
614 4188 823 4251 testimonium,
844 4196 898 4241 etc.

481 4360 544 4369 -..—
593 4356 642 4364 ..η--
658 4352 898 4363 ,Μ

397 4472 403 4503 ¹
421 4471 452 4521 In
472 4469 514 4520 000
534 4467 633 4532 margin
652 4466 710 4516 herc
728 4465 749 4516 is
760 4464 858 4515 written
908 4463 984 4513 lower
994 4465 1067 4514 doun
1079 4463 1231 4532 Ilardcpcry
1242 4471 1293 4520 und
1310 4470 1416 4525 Horde-

361 4550 388 4602 1n
406 4565 421 4601 a
439 4551 503 4600 luter
522 4546 590 4598 hand
614 4541 858 4610 10000000οη0
904 4543 971 4608 pert
