3218 5640
512 785 539 833 a
561 783 663 831 nursi
685 780 939 831 GmUcES'rsslat
1211 772 1250 832 ll

201 957 290 1007 mm
308 951 391 1007 illam
408 951 596 1007 elemosinam
614 953 756 1023 prioratui
780 952 818 1008 de
843 954 953 1025 Eveny
977 970 1067 1024 quam
1091 951 1253 1010 Municius

201 1034 239 1090 de
254 1035 405 1091 londonia
421 1036 465 1091 eis
482 1037 615 1092 contulit.

236 1120 324 1177 'leste
340 1120 464 1178 ilsbilia
480 1121 640 1178 comitissa.

481 1367 664 1435 CCCCXL
686 1368 736 1433 De
759 1367 974 1434 Laizcoroon.

236 1523 378 1581 Omnibus
396 1525 511 1583 Sancte
528 1526 634 1582 Matris
652 1525 792 1582 Ecclesiae
810 1526 890 1590 tiliis,
902 1525 1074 1591 Nicholnus,
1088 1526 1144 1582 Dei
1156 1527 1252 1600 gratis
1264 1529 1333 1582 Λ.Ι).
1348 1537 1411 1582 1163

201 1610 399 1666 laudavensis
416 1611 580 1682 episeopus,
600 1619 771 1683 perpennam
789 1612 819 1666 in
838 1612 957 1667 Christo
974 1612 1108 1667 salutem.
1262 1604 1354 1650 4183.

236 1695 428 1752 Universitati
454 1705 560 1751 vestm
586 1703 687 1751 notum
713 1697 776 1750 fieri
795 1695 941 1760 volumus,
970 1696 1049 1766 quod
1078 1678 1388 1767 RadulphusOsLhn‘

199 1778 398 1836 Imiulavensis
416 1781 637 1835 archidiaconus
656 1781 687 1834 in
704 1781 862 1852 praesentia
873 1786 973 1835 nostra
985 1780 1139 1835 eeclesiam
1152 1780 1250 1836 Sancti
1263 1759 1366 1796 mm

200 1863 307 1919 (lodoci
325 1864 362 1918 de
380 1865 562 1930 Iaukarsan,
584 1865 738 1919 tenendam
756 1865 792 1919 dc
820 1865 925 1920 abbate
942 1874 974 1920 et
993 1871 1139 1920 conventu
1163 1865 1252 1920 Glou-

200 1949 325 2015 sesninc,
344 1950 401 2004 sub
418 1949 471 2004 tali
488 1949 654 2004 conditione
673 1951 811 2020 suscepit,
832 1949 954 2020 quodsi
973 1951 1126 2020 sexaginta
1144 1950 1252 2006 solidos

200 2035 245 2088 eis
261 2035 411 2090 annuatim
429 2034 548 2089 statutis
566 2035 699 2089 terminis
718 2033 766 2088 vel
784 2034 861 2087 infra
877 2040 1013 2090 octavum
1038 2035 1076 2088 ab
1105 2035 1149 2090 eis
1174 2035 1253 2091 diem

200 2136 257 2173 nou
274 2119 407 2183 solverit,
426 2118 512 2174 cedet
527 2137 547 2172 a
565 2119 635 2189 jure
662 2128 693 2174 et
719 2119 901 2189 possessione
928 2119 1021 2189 ipsius
1051 2120 1193 2187 eoelesiae,
1213 2121 1255 2176 ita

201 2212 236 2257 ut
257 2221 353 2274 neque
378 2202 581 2275 appellationis
608 2203 801 2268 obstaculum,
827 2221 923 2274 neque
952 2204 1132 2269 reclamatio,
1159 2222 1255 2276 neque

201 2287 412 2353 contradictio,¹
429 2306 484 2360 per
510 2289 607 2359 ipsum
632 2288 680 2342 vel
697 2305 752 2358 per
769 2288 861 2344 alium
888 2289 975 2354 facta,
1001 2289 1058 2344 sibi
1085 2290 1180 2360 prosit
1204 2303 1256 2345 aut

200 2373 306 2438 valeat,
325 2374 399 2445 quin
415 2374 550 2428 monaehi
568 2373 669 2428 statim
686 2390 751 2427 enm
768 2373 941 2429 auctoritate
952 2374 1072 2444 propria
1083 2375 1161 2429 siout
1171 2393 1256 2430 suam

200 2469 233 2514 et
248 2468 401 2514 vacantem
418 2475 486 2514 cum
504 2458 691 2529 pertinentiis
709 2458 772 2512 suis
790 2459 883 2513 libere
900 2458 1105 2530 ingrediantur
1122 2470 1154 2514 et
1169 2459 1257 2529 plens

200 2543 371 2615 integritate
391 2544 571 2614 possideant.
620 2543 794 2614 Capelianos
819 2544 908 2599 etiarn
935 2543 1073 2615 deinceps
1097 2544 1129 2598 in
1153 2543 1256 2598 eadem

200 2629 327 2685 ecclesia
342 2630 561 2686 ministraturos
574 2628 715 2700 predicta
726 2628 824 2683 abbati
837 2636 868 2683 et
878 2629 1027 2683 monachis
1041 2629 1145 2699 jurare
1157 2629 1254 2692 t'aciet,

202 2714 279 2785 quod
305 2715 332 2769 si
359 2715 424 2785 ipso
452 2733 471 2769 a
499 2714 643 2785 praedicta
668 2713 813 2768 solutione
837 2712 988 2777 defecerit,
1014 2712 1131 2768 reddita
1155 2713 1256 2768 stetim

202 2799 350 2854 monachis
380 2798 573 2854 Gloucesniae
599 2798 681 2852 clave
707 2797 839 2867 ejusdem
864 2796 1006 2861 ecclesiia,
1032 2803 1064 2853 et
1089 2797 1172 2852 nullo
1198 2797 1256 2852 sibi

198 2882 265 2952 jure
283 2882 376 2938 inibi²
404 2892 518 2939 retento
536 2882 588 2937 sed
606 2882 679 2952 ipsis
702 2881 853 2937 monachis
878 2882 910 2936 in
933 2898 970 2936 ea
987 2883 1114 2953 receptis
1141 2882 1253 2952 absque

201 2968 280 3025 omni
303 2968 513 3039 impedimento
538 2972 569 3022 et
595 2965 775 3036 praejudicio,
795 2965 881 3020 liberi
908 2966 946 3021 ab
971 2967 1051 3021 omni
1077 2967 1255 3038 obligatione

203 3071 259 3124 qus
283 3052 424 3124 praedicto
448 3051 605 3121 Badulpho
631 3066 720 3120 super
744 3059 906 3106 memorata
930 3051 1103 3107 tenebantur
1119 3052 1254 3118 eeclesia,

202 3155 257 3193 non
274 3155 330 3209 per
346 3155 415 3191 eum
432 3136 575 3191 decaetero
594 3135 646 3190 sed
669 3133 742 3206 ρει·3
760 3136 916 3191 monachos
935 3137 960 3190 si
979 3137 1126 3192 voluerint
1142 3143 1173 3192 et
1196 3138 1256 3209 ipsi

203 3223 417 3278 ministrabunt.
462 3221 509 3276 De
533 3221 592 3276 hiis
617 3219 751 3275 omnibus
777 3220 903 3275 fideliter
929 3226 960 3276 et
983 3221 1117 3292 legitime
1141 3241 1257 3277 conser-

204 3307 304 3362 vandis
321 3312 481 3362 memorato
507 3306 605 3361 abbati
623 3313 654 3360 et
680 3306 830 3361 monachis
856 3305 935 3361 idem
963 3306 1137 3377 Radulphus
1162 3307 1255 3361 archi·

203 3391 340 3447 diaconus
354 3392 530 3461 juratoriam
550 3390 691 3461 praestitit
702 3391 877 3455 cautionem,
892 3398 923 3445 et
933 3390 964 3445 in
977 3392 1133 3460 presentia
1143 3391 1254 3446 domini

204 3477 422 3534 Canaiaa'iensis
454 3485 486 3532 et
515 3473 671 3546 G[ilberti]
697 3475 909 3531 londoniensis
938 3476 1068 3547 episcopi
1096 3483 1128 3532 et
1155 3483 1256 3531 nostra

204 3563 421 3618 conventionem
439 3561 525 3616 istam
542 3560 743 3632 recognitione
761 3567 792 3615 et
815 3559 997 3615 consessione
1021 3561 1139 3631 propria
1169 3560 1254 3615 robo-

203 3648 288 3703 ravit
344 3646 418 3701 Indc
448 3654 495 3701 est
515 3647 594 3718 quod
620 3645 828 3701 ecclesiastice
856 3644 924 3716 paci
952 3644 1081 3700 debitam
1116 3645 1255 3701 adhibere

204 3731 331 3788 volentes
349 3731 503 3796 cautelam,
522 3731 693 3802 predictam
714 3729 937 3786 conventionem
960 3731 1133 3785 auctoritato
1155 3736 1256 3786 nostra

204 3826 233 3872 ot
248 3817 402 3888 praesentis
419 3817 523 3888 scripti
549 3817 717 3872 testimonio
741 3816 956 3873 communimus
974 3823 1006 3872 et
1022 3815 1252 3880 corroboramus,

205 3907 257 3957 ete.

515 4074 718 4142 COCCXLL
743 4074 795 4141 De
816 4073 936 4142 coelem.

235 4208 360 4269 Dilectis
378 4211 435 4268 sibi
460 4211 491 4267 in
516 4212 640 4267 Domino
667 4212 813 4267 universis
839 4213 953 4268 Sancto)
978 4211 1084 4270 Matris
1110 4210 1250 4271 Ecclesia)
1264 4228 1332 4277 M),
1348 4236 1409 4281 1163

205 4294 271 4355 filiis
288 4297 327 4353 od
344 4317 418 4370 quos
436 4298 501 4352 istae
519 4297 625 4352 littere
643 4299 839 4368 pervenerint,
862 4299 953 4352 irater
965 4295 1156 4371 G[ilbertus],
1175 4301 1251 4356 Lon-
1261 4301 1354 4348 4¹⁸8·

206 4381 348 4438 deniensis
366 4382 498 4438 eeclesiae
515 4382 658 4447 minister,
679 4382 805 4437 salutem
823 4380 855 4435 in
873 4381 1000 4438 Christo.
1263 4376 1352 4493 222st

235 4561 286 4565 --—
290 4559 473 4566 ——...—-
480 4560 495 4564 ..-

236 4673 242 4703 ¹
259 4687 335 4737 sepse
351 4669 524 4738 costodiclio]
542 4671 658 4737 repeated
674 4670 701 4721 in
780 4673 792 4701 ²
809 4670 883 4738 lanu]
897 4671 960 4723 inibi
967 4673 1034 4737 jore,
1044 4674 1102 4726 MS.

206 4747 259 4803 us
782 4754 793 4781 ⁸
804 4751 865 4818 ρσ]
883 4751 1124 4806 iutuiinedinlis.
