3218 5640
537 803 539 806 ·
652 785 900 840 ctcwtlmuu
922 789 1131 840 uoutsraun

655 1042 898 1129 cocetum.
924 1064 972 1130 oe
996 1065 1118 1131 essem.

399 1217 575 1298 G[ilbertus]
614 1221 650 1275 dc
681 1221 775 1286 Clare,
808 1240 903 1278 comes
935 1222 1125 1279 Glaucestn'ae
1162 1229 1191 1278 et
1220 1223 1410 1288 Hertfordiae,

363 1301 470 1359 dilecto
499 1309 529 1359 ot
557 1304 636 1359 fideli
667 1325 720 1362 suo
750 1305 881 1363 Galfrido
911 1307 948 1362 de
974 1307 1072 1363 Mores
1104 1307 1263 1364 senescallo
1293 1308 1412 1365 honoris

349 1386 565 1457 ,Gloucestrim
586 1389 720 1446 salutem.

398 1472 571 1529 Mandamns
588 1474 683 1539 vobis,
703 1473 799 1546 quod¹
817 1492 870 1547 per
893 1475 1002 1532 liberos
1020 1482 1050 1530 et
1072 1475 1184 1548 legales
1210 1475 1344 1533 homines
1375 1479 1412 1534 de

362 1557 472 1612 foresta
503 1563 603 1614 nestra
641 1560 677 1614 de
707 1559 780 1615 (lore
811 1560 968 1632 diligenter
1003 1561 1158 1632 inquiratis
1188 1567 1288 1616 utrum
1323 1561 1414 1618 abbas

363 1641 554 1699 Glaucestriae
581 1648 691 1700 sectam
717 1644 869 1700 consuevit
892 1645 988 1700 facere
1015 1646 1053 1700 ad
1079 1645 1191 1702 curiam
1216 1652 1348 1702 nostram
1376 1646 1414 1701 de

362 1726 609 1798 Wodeleyestile¹
636 1747 690 1800 pro
719 1733 883 1783 tenemento
916 1747 969 1784 suo
1000 1729 1036 1784 de
1064 1729 1249 1800 Mayesmore
1279 1737 1413 1801 tempore

361 1810 444 1866 bonae
463 1811 611 1867 memoriae
630 1811 665 1866 R.
690 1812 727 1866 de
746 1811 832 1868 (llere
851 1812 997 1884 quondam
1023 1813 1115 1884 patris
1134 1814 1236 1878 noemi,
1257 1819 1287 1869 et
1312 1821 1414 1870 utrum

362 1914 448 1952 canes
466 1896 537 1951 dicti
556 1895 668 1952 abbatis
687 1900 717 1951 et
732 1896 883 1952 hominum
901 1914 1021 1952 suorum
1038 1896 1075 1951 de
1086 1897 1280 1968 Mayesmore,
1297 1897 1414 1954 Harde-
1443 1959 1445 1962 ,

361 1980 435 2052 pire,
456 1986 486 2036 et
503 1979 629 2046 Ledeue,
650 1980 780 2036 solebant
803 1979 973 2051 expeditori,
993 1980 1066 2034 etsi
1085 1980 1180 2036 dictim
1198 1982 1287 2037 abbos
1308 2001 1416 2055 capere

362 2065 458 2138 potuit
474 2065 655 2137 temporibus
672 2064 824 2120 retroactis
844 2064 921 2134 quod
938 2064 1072 2118 voluerat
1091 2064 1127 2118 de
1153 2066 1240 2121 bosco
1266 2066 1415 2122 dictorum

362 2149 558 2206 maneriorum
589 2168 708 2205 suorum
734 2148 844 2219 absque
878 2149 946 2204 visu
972 2147 1146 2203 ballivorum
1172 2155 1356 2216 nostrorum,
1384 2156 1416 2205 et

363 2233 435 2306 quid
452 2233 520 2288 inde
537 2233 707 2288 inveneritis
726 2231 809 2288 nobis
828 2232 883 2287 sub
901 2231 1001 2303 sigillo
1018 2238 1115 2287 vestro
1134 2237 1163 2287 et
1182 2232 1290 2304 sigillis
1310 2252 1414 2290 eorum

361 2335 414 2390 per
432 2335 505 2390 quos
523 2317 601 2372 faeta
618 2317 708 2372 fuerit
724 2315 876 2388 inquisitio
894 2320 1026 2371 constare
1045 2315 1167 2371 faciatis.

396 2402 504 2458 Datum
523 2401 600 2475 apud
618 2400 745 2466 Raudii,
765 2399 918 2456 undecimo
936 2399 982 2455 die
1000 2400 1123 2472 Aprilis,
1143 2419 1226 2467 cunc,
1246 2406 1301 2458 etc.

557 2671 792 2740 ccecsxrv.
816 2671 1004 2758 loquutus
1027 2653 1066 2738 ee
1091 2671 1212 2740 aas.
1269 2668 1270 2671 ‘

398 2823 554 2894 Inquisitio
571 2825 648 2878 facta
670 2825 701 2878 in
724 2823 811 2895 plena
827 2823 910 2878 curia
936 2823 972 2877 de
1002 2823 1084 2886 Coro,
1105 2841 1203 2878 corum
1222 2823 1357 2879 Galfrido
1375 2823 1414 2879 dc

261 2923 267 2934 ·
360 2907 459 2962 Mores
486 2907 654 2970 senescallo,
674 2907 721 2962 die
746 2907 857 2961 sabbati
875 2908 1006 2979 proxima
1032 2912 1097 2962 ante
1116 2908 1248 2963 clausum
1266 2909 1415 2973 Paschae,³

360 3010 435 3048 anno
463 2992 706 3064 quinquagesimo
733 2990 881 3056 secundm·
898 2991 935 3045 de
961 2995 1040 3045 secta
1065 2991 1177 3046 abbatie
1205 2991 1412 3058 Gloueestriae,

359 3083 391 3131 et
419 3076 454 3131 de
480 3075 692 3147 expeditatione
709 3092 814 3132 canum
832 3092 952 3130 suorum
970 3078 999 3128 et
1017 3075 1180 3130 tenentium
1207 3095 1338 3143 suorum,
1359 3095 1414 3148 per

360 3167 576 3216 sacramentum
600 3159 724 3218 Hemici
748 3160 785 3214 de
810 3157 893 3224 Gora,
919 3157 1053 3215 Walteri.
1067 3159 1103 3214 de
1128 3161 1265 3227 Marisco,
1286 3161 1413 3217 Roberti

359 3245 515 3316 Roscelyn,
547 3244 667 3299 Ricardi
696 3243 808 3314 Thoky,
840 3248 870 3298 et
905 3243 1100 3308 caeterorum,⁶
1139 3245 1190 3315 qui
1220 3244 1322 3300 dieunt
1358 3263 1416 3316 per

359 3335 574 3386 sacramentum
593 3330 680 3384 suum
698 3327 777 3399 quod
798 3325 886 3382 abbas
905 3326 1097 3383 Gloucestrise
1123 3345 1273 3400 nunquam
1291 3347 1416 3385 consue·

259 3437 265 3451 ·
358 3414 516 3470 vitiscere
534 3418 643 3470 sectam
661 3409 699 3466 ed
718 3410 831 3466 curiam
849 3410 886 3465 de
904 3409 1147 3481 Wodeleyestile⁶
1165 3430 1218 3483 pro
1242 3418 1414 3468 tenemento

358 3517 412 3554 suo
431 3497 466 3552 de
484 3497 668 3569 Mayesmore
686 3501 816 3567 tempore
834 3494 917 3549 bona
934 3493 1082 3548 memoriae
1100 3493 1136 3548 R.
1157 3494 1194 3551 de
1213 3495 1300 3552 Clare
1318 3498 1415 3569 patris

358 3580 513 3655 G[ilberti]
538 3581 575 3637 de
594 3580 681 3637 Clare
698 3597 775 3635 nuno
793 3578 917 3643 comitis,
937 3595 990 3632 nec
1008 3595 1094 3633 canes
1112 3578 1184 3634 dieti
1211 3580 1336 3645 abbatis,
1357 3598 1415 3637 nec

356 3667 508 3723 homiuum
534 3684 654 3723 suorum
676 3664 713 3719 de
737 3662 930 3735 Mayesmore,
959 3661 996 3717 de
1020 3662 1195 3733 Hardspire,
1216 3664 1253 3719 de
1280 3664 1411 3732 Ledeue,

356 3768 414 3808 non
444 3751 577 3807 solebant
606 3747 769 3821 expeditori
793 3745 993 3817 temporibus⁷
1023 3747 1186 3802 retroactis.
1236 3748 1277 3803 Et
1312 3749 1412 3806 dictus

355 3835 446 3892 abbas
471 3852 576 3907 capere
602 3833 698 3905 potuit
724 3830 904 3901 temporibus
929 3830 1082 3885 retroactis
1110 3830 1188 3901 quod
1211 3833 1349 3888 voluerat
1374 3834 1413 3890 de

355 3919 452 3975 boscis
477 3919 623 3974 dictorum
649 3915 846 3972 maneriorum
873 3931 993 3969 suorum
1010 3913 1121 3984 absque
1138 3914 1205 3970 visu
1232 3915 1413 3975 ballivorum

355 4002 466 4058 domini
486 4001 610 4057 comitis.

390 4231 396 4262 ¹
414 4228 490 4295 quod]
509 4226 643 4278 interllned
653 4227 681 4277 in
694 4226 750 4277 MS.
906 4237 973 4273 auno
989 4221 1061 4287 regni
1081 4221 1267 4288 regisHenrlci
1285 4228 1414 4294 quinqua.

387 4337 398 4367 ²
414 4335 446 4385 In
458 4333 501 4384 the
514 4333 613 4398 margin
631 4332 691 4383 here
711 4331 733 4382 is
749 4330 858 4382 inserted
906 4303 1002 4366 gelum
1013 4303 1123 4352 mmm
1134 4304 1178 4367 (l)

354 4415 382 4464 in
401 4430 416 4464 a
434 4415 497 4464 later
514 4406 583 4462 hand
605 4409 788 4475 Wodeleyestile,
808 4411 858 4460 and
938 4381 1115 4492 :Wfflfflml
1135 4390 1246 4476 QUOS,
1258 4382 1317 4435 MS
1334 4392 1335 4395 ’

354 4496 431 4545 low
441 4495 516 4544 dm
529 4490 681 4556 Hardepuri·
965 4463 996 4512 In
1006 4462 1050 4512 the
1061 4479 1160 4529 margin
1179 4466 1238 4515 here
1255 4483 1279 4516 rs
1299 4474 1413 4524 inserted

904 4541 931 4590 in
963 4559 977 4591 a
1008 4543 1069 4592 later
1093 4544 1161 4593 haud
1189 4551 1246 4592 nota
1270 4545 1336 4610 bene,
1359 4555 1412 4602 and

388 4597 532 4662 ’Pwloel
547 4596 721 4656 thblls·
904 4622 1067 4672 lowerdown
1078 4621 1238 4690 Hardepory.

388 4705 477 4754 «m
510 4702 705 4767 quinquayaimo
734 4697 852 4763 seeundo]
937 4698 1120 4777 'temporibud
1138 4704 1268 4771 temporis,
1281 4706 1339 4761 Ms.
