3218 5640
516 810 543 861 s
564 809 665 862 rnrm
688 810 939 862 cmucasmm
1187 799 1252 868 147

210 1012 277 1068 quas
294 996 385 1051 habui
404 1013 439 1050 ex
457 994 532 1050 douo
550 993 672 1051 Heurici
691 997 771 1067 regis
790 996 844 1051 filii
862 996 943 1068 regis
963 996 1104 1052 Johaunis
1123 998 1154 1052 in
1171 997 1251 1052 Wel·

208 1080 278 1153 hope
289 1103 297 1146 ;
311 1081 460 1136 habendas
472 1087 503 1136 et
515 1081 663 1146 tenendas,
677 1083 713 1135 de
726 1100 772 1136 me
785 1088 815 1136 et
826 1081 991 1136 haeredibus
1003 1083 1088 1146 meis,
1102 1082 1249 1154 praedictas

207 1167 346 1231 oeclesiae,
360 1168 391 1220 in
402 1167 535 1229 liberam,
554 1184 668 1237 puram,
688 1173 718 1220 et
735 1174 907 1237 perpensam
925 1168 1123 1231 elemosinam,
1137 1167 1167 1221 in
1185 1185 1250 1239 per-

206 1259 336 1321 petuum,
355 1258 389 1305 ut
412 1251 444 1305 in
468 1251 597 1315 releviis,
625 1250 781 1322 homagiis,
801 1257 830 1305 et
855 1252 995 1315 servitia
1022 1269 1089 1305 cum
1114 1253 1249 1306 omnibus

205 1335 389 1390 libertatibus
407 1343 437 1390 et
454 1334 580 1390 exitibus
600 1353 665 1407 quse
684 1335 720 1389 de
738 1343 816 1390 terra
839 1335 979 1408 praedicta
997 1336 1151 1409 provenire
1168 1344 1248 1409 pote-

205 1435 283 1484 runt,
303 1420 406 1484 libere,
426 1420 525 1491 quiete
542 1428 573 1474 et
591 1421 622 1474 in
639 1439 719 1492 pace.

239 1503 398 1559 Reddenda
416 1506 485 1560 inde
502 1505 649 1560 annuatim
669 1506 741 1559 mihi
760 1512 790 1560 et
808 1505 973 1559 haeredibus
991 1506 1076 1569 meis,
1096 1524 1150 1577 pro
1167 1508 1248 1560 omni

204 1590 333 1654 senilia,
354 1592 572 1654 consuetudine,
592 1597 623 1645 et
645 1589 796 1654 demanda,
817 1590 889 1645 duos
914 1590 1020 1644 solidos
1040 1592 1248 1661 sterlingorum

203 1674 240 1729 sd
257 1674 368 1729 festum
394 1675 479 1730 Beati
503 1674 670 1730 Michaelis.
706 1673 765 1728 Pro
790 1674 895 1746 quibus
920 1674 1034 1729 duobus
1062 1673 1173 1740 solidis,
1193 1693 1249 1746 ego

202 1759 376 1833 liudulphus
394 1769 425 1816 et
442 1760 573 1815 haeredes
585 1760 644 1814 mei
663 1760 834 1831 praedictam
852 1767 960 1815 terram
979 1778 1046 1814 cum
1063 1762 1248 1831 pertiuentiis

203 1862 306 1901 versus
325 1846 475 1900 dominum
493 1863 595 1917 regem
615 1845 651 1898 de
671 1862 728 1898 uuo
746 1844 915 1915 espervario
933 1863 1008 1909 soro,
1028 1862 1086 1899 una
1104 1863 1171 1899 cum
1189 1863 1249 1899 om·

198 1929 287 1984 nibus
305 1929 456 2001 regahbus
474 1930 541 1984 aliis
560 1929 690 1984 servitiis
709 1929 932 2000 aquictabimus,
946 1936 977 1984 et
994 1929 1141 2001 predicta
1159 1930 1250 1984 ecclc-

203 2013 366 2070 siascoutra
377 2033 476 2070 omnes
495 2022 598 2085 gentes
611 2014 873 2070 warantizabimus.
912 2014 988 2069 Etsi
1007 2015 1082 2069 forte
1100 2015 1250 2085 contingat

203 2099 279 2170 quod
297 2116 355 2170 ego
372 2098 544 2171 Radulphus
561 2100 609 2153 vel
631 2097 760 2153 haeredes
784 2099 842 2153 mei
860 2099 1030 2170 praedictam
1048 2106 1157 2154 terram
1176 2117 1249 2171 prae·

202 2184 357 2238 uominatae
373 2184 505 2240 ecclesias
528 2185 719 2239 warantizare
744 2202 801 2239 non
828 2187 999 2254 poterimus,
1020 2185 1096 2239 infra
1119 2186 1248 2256 primum

202 2284 308 2322 mum
333 2286 392 2339 quo
408 2268 473 2340 ipsa
500 2268 624 2323 ecclesia
650 2269 686 2322 de
713 2269 835 2339 praefata
859 2275 939 2323 terra
966 2269 1054 2323 fuerit
1080 2269 1246 2340 disseysita,

202 2351 340 2423 prasenti
365 2353 474 2424 scripto
501 2360 635 2407 tenemur
660 2353 756 2407 facere
781 2353 953 2408 rationabile
978 2354 1157 2408 escambium
1174 2372 1248 2425 prae·

203 2436 288 2492 dictat
303 2422 439 2492 ecclesias
457 2437 495 2491 ad
512 2437 670 2491 valentiam
698 2437 782 2492 dictae
806 2445 894 2492 terrae
920 2438 950 2492 iu
975 2438 1109 2491 omnibus
1135 2439 1165 2491 in
1183 2445 1248 2493 tuto

202 2522 266 2577 loco
282 2530 314 2577 et
330 2522 504 2594 competenti
529 2523 559 2576 in
586 2524 726 2577 comitatu
752 2523 952 2578 Gloucestriae.
990 2523 1030 2576 Et
1054 2523 1079 2576 si
1098 2540 1155 2576 non
1173 2523 1248 2576 sece-

204 2608 295 2662 rimus
312 2607 492 2661 escambium
509 2606 658 2677 pra-dictas
672 2607 803 2662 ecclesie
816 2609 879 2678 ipso
890 2625 975 2671 anuo,
989 2606 1064 2660 sicut
1076 2606 1247 2678 praedictum

204 2699 258 2756 est,
278 2691 315 2746 de
340 2691 503 2762 perditione
528 2691 621 2762 ipsius
647 2692 714 2745 anni
741 2691 778 2745 ad
803 2692 960 2746 valentiam
985 2693 1075 2746 totius
1100 2692 1247 2762 praedictae

203 2782 288 2832 teme
322 2775 539 2848 prenominata
569 2775 701 2831 ecclesias
737 2775 951 2831 rationabiliter
986 2783 1121 2832 tenemur
1151 2777 1246 2830 facere

203 2861 427 2916 restitutionem.

237 2946 276 3001 Et
293 2947 363 3017 quia
381 2944 448 2999 solo
465 2943 542 3015 quod
560 2943 623 2997 haec
641 2960 707 2998 mea
723 2943 850 3007 donatio,
869 2944 1027 3011 concessio,
1046 2951 1076 3000 et
1092 2947 1245 3016 presentis

204 3039 289 3088 m
306 3028 496 3093 confirmatio,
516 3036 546 3084 et
563 3028 771 3094 warantizatio,
791 3036 846 3083 etc.

511 3299 733 3366 DCLXVIII.
755 3298 803 3365 De
817 3299 936 3364 cedern.

237 3457 404 3523 Heuricus,¹
424 3459 480 3512 Dei
504 3459 600 3528 gratia
618 3475 669 3512 rex
687 3458 813 3529 anglia,
834 3457 968 3512 dominus
996 3455 1166 3526 Hybemiae,
1184 3456 1244 3511 dux
1259 3461 1325 3512 AD.
1341 3467 1412 3524 1227,

204 3541 399 3608 Normanniae,
419 3544 595 3614 Aquitaniae,
615 3549 645 3596 et
668 3561 765 3597 comes
789 3540 990 3612 Andegaviae,²
1007 3541 1242 3612 archiepiscopis,
1256 3529 1370 3594 fflffl·

204 3629 356 3700 episeopis,
388 3628 548 3693 abbatibus,
578 3628 748 3699 priostum
765 3627 930 3691 comissas,
962 3626 1128 3690 samba,
1156 3626 1243 3696 justi·
1257 3607 1345 3660 0¹¹¹¹⁰

203 3712 310 3775 unas,
342 3712 512 3773 forestariis,
549 3713 780 3775 vicecomitibus,
812 3713 986 3783 martis,
1025 3710 1178 3775 misisses,
1216 3691 1333 3766 em·

203 3797 335 3851 omnibus
354 3796 469 3850 ballivis
488 3805 518 3850 ct
536 3797 671 3850 fidelibus
690 3797 761 3860 suis,
782 3797 916 3851 salutem.
1257 3811 1336 3862 5155
1348 3812 1371 3864 ὁ,

235 3879 344 3935 Sciatis
360 3898 413 3934 uos
426 3880 551 3943 dedisse,
565 3880 767 3945 concessisse,⁴
778 3889 808 3935 et
819 3881 873 3936 hac
886 3881 1022 3953 prasenti
1032 3881 1042 3911 ⁵
1054 3887 1134 3936 casta
1145 3886 1245 3935 nostra

202 3964 396 4029 confirmasse,
416 3964 524 4018 dilecto
548 3972 579 4018 et
603 3965 682 4018 fideli
709 3971 809 4019 nostro
834 3965 988 4036 Badulpho
1014 3966 1050 4020 de
1074 3965 1243 4028 Wiliutane,

201 4064 254 4120 pro
269 4047 408 4118 homagio
424 4057 455 4101 et
472 4049 593 4103 servitio
611 4067 673 4112 suo,
693 4050 766 4103 duas
792 4049 875 4103 hidas
904 4058 989 4105 terrae
1014 4067 1080 4103 cum
1099 4051 1243 4121 pertinen·

201 4134 251 4188 siis
278 4134 341 4188 suis
368 4134 398 4186 iu
416 4132 579 4204 Welhope⁸
598 4152 670 4204 quas
697 4133 841 4189 Mathaeus
860 4134 897 4188 de
915 4134 1078 4206 Welhope⁷
1097 4134 1243 4204 quondam

202 4218 295 4273 tenuit
319 4217 357 4271 de
380 4217 471 4271 bullio
496 4218 604 4272 domini
634 4216 823 4289 [·Iohanuis]⁸
840 4221 918 4290 regis
938 4221 1029 4291 patris
1047 4220 1147 4281 nostri,
1168 4220 1244 4271 sicut

234 4423 241 4450 ¹
259 4420 316 4470 The
331 4420 470 4470 eurolment
488 4419 518 4466 os
534 4418 583 4467 this
603 4419 655 4467 vill
671 4421 703 4469 be
723 4428 725 4447 '
780 4423 961 4487 ‘commissd
981 4427 1243 4485 manumissam.

200 4499 278 4550 found
297 4514 365 4563 upon
384 4496 427 4546 the
450 4496 554 4546 Charter
578 4497 636 4547 Boll
654 4496 702 4548 XI.
779 4502 788 4527 ⁵
804 4500 851 4550 loc
859 4504 989 4568 prasenb]
1008 4505 1079 4554 omit.
1091 4506 1157 4555 Roll.

200 4577 359 4644 umus,
370 4585 426 4641 μη
439 4580 461 4637 ι,
472 4576 536 4625 som
548 4576 649 4626 vum
660 4578 703 4628 ue
722 4562 725 4609 f
777 4581 787 4608 ⁶
811 4578 934 4646 usum]
954 4582 1110 4647 wiuaope,
1122 4585 1187 4635 solt

200 4657 320 4710 callatim
332 4657 355 4706 is
366 4656 476 4707 derived.
777 4660 787 4686 ⁷
812 4657 937 4726 Wclhope]
956 4661 1089 4727 Walbope,
1099 4664 1166 4714 Roll.

232 4734 422 4804 ’Νησαίη
442 4735 659 4801 Adegariae,b18‚
779 4736 940 4806 ’JolauaJ
959 4740 1156 4806 suppliedfrom
1167 4745 1232 4799 Bell.

232 4815 396 4886 ’ml
414 4816 515 4881 uobis
526 4815 583 4865 ¹18·

1040 4921 1065 4967 x
1089 4908 1109 4968 2
