3218 5640
361 787 426 850 254
648 798 894 852 cssromnrnn
915 773 1125 854 nonisrmn

361 977 450 1042 sione,
477 981 507 1032 et
532 975 649 1048 quieta¹
677 979 844 1044 elementis,
872 979 938 1043 fine,
966 985 996 1034 et
1021 977 1186 1045 concordis,
1215 977 1295 1033 idem
1323 977 1416 1034 abhus

361 1061 443 1116 dedit
460 1061 600 1132 predicto
619 1061 737 1134 Rogero
757 1081 846 1118 unam
864 1081 995 1119 meroem
1014 1063 1138 1135 argenti.

647 1281 897 1349 DOOOXXXI.
920 1280 1124 1350 tenetote.

398 1437 528 1505 Scinnt,²
554 1447 713 1512 presentes
732 1446 762 1498 et
790 1441 892 1506 futuri,
922 1441 1000 1513 quod
1018 1458 1074 1512 ego
1091 1441 1229 1508 Thomas,
1244 1438 1301 1496 Dei
1320 1431 1418 1513 motio

361 1521 448 1578 ebbes
485 1529 515 1579 et
541 1530 700 1582 conventus
733 1524 833 1581 Sancti
864 1525 947 1580 Petri
979 1524 1183 1590 Gloucestriae,
1215 1524 1416 1581 concessimus

362 1605 493 1662 Galsrido
520 1607 580 1664 filio
606 1608 728 1665 Roberti
756 1609 792 1664 de
818 1605 992 1665 Isinkeholte
1020 1608 1172 1664 dimidiam
1199 1607 1310 1680 hydam
1328 1614 1418 1664 terrae

360 1690 391 1744 in
420 1690 611 1758 Linkcholte;
643 1691 797 1749 tenendum
828 1693 864 1748 de
889 1692 974 1748 nobis
1000 1689 1032 1746 in
1056 1691 1141 1748 feodo
1172 1696 1203 1748 et
1232 1691 1416 1757 hereditate,

359 1773 450 1830 libere
470 1781 500 1831 ct
518 1776 625 1847 quiete,
643 1795 696 1848 pro
714 1782 779 1832 octo
799 1776 902 1832 solidis
920 1775 1071 1832 annuatim
1089 1776 1172 1832 nobis
1190 1775 1222 1832 iu
1240 1781 1419 1848 perpetuum

360 1859 559 1929 persolvendis
579 1860 693 1918 duobus
711 1861 855 1927 terminis,
876 1861 1066 1917 medietatem
1093 1859 1130 1916 ed
1150 1859 1419 1916 Annnnciationem

359 1942 458 1999 Beatoe
471 1944 584 2011 Maris,
600 1951 630 2001 et
648 1946 737 2001 oliam
750 1945 940 2002 medietatem
960 1945 997 2000 ad
1014 1947 1124 2000 festum
1137 1944 1236 2000 Sancti
1249 1943 1417 2001 Michaelis.

359 2027 531 2098 Aquietabit
543 2029 632 2084 etiam
645 2035 790 2101 pretereo
802 2033 894 2085 totum
905 2029 1077 2101 predictam
1088 2027 1191 2084 villum
1203 2027 1240 2083 de
1259 2027 1420 2084 Linkcholt

359 2111 395 2166 de
414 2111 534 2184 sequela
559 2114 689 2168 omnium
715 2113 908 2169 comitatuum
933 2119 963 2168 et
985 2111 1206 2168 hundredorum
1230 2117 1270 2191 et,
1282 2112 1420 2183 justicia·

360 2195 481 2261 riorum,
504 2203 534 2252 et
552 2198 683 2253 omnium
701 2198 827 2252 aliarum
855 2197 1043 2268 sequelamm
1070 2214 1135 2269 quse
1160 2194 1198 2251 nd
1222 2201 1417 2252 memoratam

360 2279 460 2335 villam
472 2281 630 2352 pertinent.
663 2281 756 2337 Dabit
774 2283 863 2338 etium
882 2280 981 2336 abbati
1000 2279 1142 2336 auxilium
1161 2280 1239 2335 sicut
1258 2280 1310 2335 alii
1329 2279 1419 2335 liberi

360 2364 492 2420 homines
528 2366 620 2421 nostri
645 2366 766 2421 faciunt.
810 2365 894 2420 Idem
920 2383 991 2420 vero
1019 2362 1189 2419 Gelfridus’
1211 2364 1418 2435 juramentum

360 2448 443 2504 nobis
468 2450 608 2521 prestitit
634 2451 713 2522 quod
741 2449 836 2505 fidelis
863 2449 921 2505 erit
946 2447 1078 2504 ecclesie
1106 2454 1214 2504 nostres
1241 2447 1278 2503 de
1297 2447 1419 2504 redditu

360 2539 459 2589 nostro
471 2535 601 2606 plenarie
615 2535 763 2600 solvendo,
778 2541 808 2590 et
820 2533 967 2605 predictis
980 2531 1109 2603 sequelis
1122 2531 1250 2587 fideliter
1261 2530 1416 2598 faciendis,

360 2624 390 2672 et
408 2617 485 2689 quod
503 2635 556 2672 nee
575 2624 669 2673 artem
686 2635 740 2672 nec
759 2617 910 2688 ingenium
929 2616 1073 2687 exquiret,
1093 2616 1171 2670 unde
1190 2614 1295 2671 domus
1315 2621 1419 2671 nostra

359 2717 412 2771 per
442 2707 575 2756 tenuram
603 2720 686 2756 suern
716 2701 855 2756 damnum
885 2701 1026 2764 incurrat,
1065 2707 1096 2754 et
1126 2699 1206 2771 quod
1241 2699 1418 2771 proedictsm

360 2791 469 2839 terrem
487 2804 580 2857 neque
599 2785 715 2852 vendet,
734 2803 829 2857 neque
848 2784 1019 2848 excambiet,
1039 2801 1134 2855 neque
1152 2781 1190 2838 sd
1207 2784 1300 2839 elium
1318 2784 1418 2840 locum

359 2868 511 2939 religionis
541 2870 707 2935 transferet,
735 2871 798 2925 sine
826 2887 948 2924 assensu
973 2874 1083 2924 nostro.
1145 2867 1276 2922 Eandem
1305 2868 1419 2924 securi·

358 2959 448 3008 tutem
467 2954 573 3009 facient
597 2955 680 3009 nobis
698 2955 829 3010 haeredes
848 2955 912 3025 ojus
931 2971 999 3008 cnm
1018 2953 1128 3024 singuli
1147 2953 1204 3007 sibi
1222 2953 1392 3009 succedent.

395 3036 477 3105 Quod
508 3039 577 3108 quia
606 3045 704 3094 ratum
734 3057 799 3094 osse
829 3038 976 3104 volumus,
1011 3036 1149 3109 praesenti
1168 3037 1279 3109 scripto
1311 3037 1417 3109 sigillo

359 3127 458 3176 nostro
477 3122 589 3177 munito
607 3122 703 3178 diviso
723 3121 870 3178 internos
889 3122 1072 3193 cyrographo
1091 3120 1307 3177 confirmemus.

639 3337 908 3405 Deeoxxxss.
932 3335 1134 3404 Linloehclte.

194 3491 261 3546 hl).
277 3499 348 3556 luet,
396 3483 566 3555 Hemicus,⁴
585 3490 641 3545 Dei
666 3490 763 3561 gratie
788 3507 839 3545 rex
857 3488 984 3560 Angliae,
1005 3487 1139 3544 deminus
1167 3487 1338 3560 Hyberniae,
1358 3487 1419 3544 dux

192 3560 256 3627 ³¹¹¹!
268 3568 306 3616 ²8·
362 3573 558 3639 Normnnniae,
589 3573 766 3645 Aquitaniae,
799 3580 829 3628 et
865 3590 961 3628 comes
992 3571 1181 3642 Andegevisr,
1213 3571 1350 3628 omnibus
1382 3572 1420 3628 ud

193 3639 283 3760 3320
363 3676 434 3745 qnos
453 3666 611 3731 presentes
629 3659 735 3713 litterar
754 3656 949 3728 pervenerint,
971 3656 1106 3711 salutem.

398 3742 504 3798 Sciatis
532 3743 611 3814 quod
636 3742 843 3807 concessimus,
863 3760 916 3813 pro
938 3741 1021 3795 nobis
1047 3747 1078 3795 st
1101 3739 1268 3795 heredibus
1295 3741 1417 3807 nostris,

361 3826 468 3883 dilecto
498 3827 581 3882 nobis
612 3828 641 3881 in
674 3826 792 3882 Christo
824 3825 951 3880 Johunni
989 3825 1025 3879 de
1056 3823 1157 3888 Felda,
1186 3823 1284 3879 nbbeti
1316 3824 1417 3880 Sancti

359 3910 441 3967 Petri
460 3910 662 3975 Gloucestrioe,
683 3917 713 3966 et
730 3911 880 3965 monachis
899 3908 1034 3980 ejusdem
1061 3908 1165 3963 domus
1183 3914 1214 3963 et
1241 3908 1420 3964 successori·

359 3994 414 4051 bus
444 3997 515 4060 suis,
536 3996 614 4068 quod
638 3995 804 4051 assertum⁵
834 3994 957 4048 manerii
989 3993 1035 4048 sui
1065 3992 1102 4046 de
1134 3992 1309 4048 Linkehelte
1338 3993 1419 4047 inire

359 4089 452 4136 metas
469 4080 585 4135 foreste
597 4087 704 4134 nostrie
717 4078 753 4132 do
767 4077 883 4141 Schote,
898 4077 976 4148 quod
996 4075 1115 4147 quidem
1127 4082 1272 4130 essartum
1288 4077 1419 4132 continet

359 4163 390 4218 in
417 4181 448 4220 ss
475 4165 604 4236 quinque
633 4181 715 4219 ueros
745 4181 798 4234 per
824 4178 980 4216 numerum
1006 4178 1149 4225 acrurnm,
1179 4160 1209 4215 in
1240 4167 1417 4232 perpetuum

359 4254 507 4304 remaneat
533 4256 613 4304 terro
640 4247 771 4311 arabilis,
792 4253 822 4302 et
849 4245 928 4317 quod
953 4244 1032 4300 idem
1058 4245 1146 4300 abbas
1175 4251 1206 4300 et
1229 4260 1416 4302 successores

393 4454 400 4486 ι
418 4454 513 4520 qm]
533 4453 603 4518 quie,
614 4453 670 4504 MS,
912 4456 981 4498 ment
993 4447 1043 4496 will
1055 4448 1086 4496 be
1098 4446 1177 4495 found
1193 4461 1260 4509 upon
1272 4447 1316 4496 the
1327 4447 1418 4498 Patent

392 4532 445 4583 *n
464 4533 596 4597 repetition
615 4533 644 4581 ef
664 4531 712 4581 No.
736 4529 859 4583 CCCCX.
914 4528 971 4577 Roll
992 4532 1022 4576 29
1044 4525 1134 4590 Henry
1152 4524 1210 4583 111,
1228 4525 1295 4574 iinm
1313 4526 1417 4578 wheuoe

360 4612 439 4677 (ute,
450 4613 499 4662 vol.
512 4612 528 4663 i.
540 4628 564 4676 p.
576 4615 647 4673 386).
913 4607 956 4655 the
966 4605 1084 4655 collation
1096 4605 1118 4654 is
1128 4603 1238 4654 derived

392 4689 568 4756 ¹dirimitur]
588 4690 707 4747 Thomas,
718 4688 775 4739 MS.
946 4683 1108 4756 waeran]
1126 4690 1341 4742 summanum
1351 4684 1417 4736 Reli.

393 4771 403 4802 ⁴
418 4769 476 4823 The
496 4769 631 4822 inrelment
653 4768 685 4820 el
699 4768 751 4819 this
769 4768 862 4819 insnu-
