3218 5640
356 787 419 850 226
550 848 552 854 ,
642 795 891 846 olerumnruu
913 794 1122 844 uosssrseu

353 980 441 1028 terras
458 988 526 1026 cum
545 970 606 1025 suis
624 969 809 1040 pertinentiis
827 968 858 1022 in
870 967 942 1023 villa
959 967 996 1022 de
1013 966 1177 1032 Estlecche,
1190 965 1275 1020 illam
1287 963 1403 1019 scilieet

354 1074 443 1127 quam
470 1055 594 1109 emimus
615 1053 651 1107 de
669 1039 834 1108 Willelmo'
846 1051 987 1123 Haymn,
1015 1049 1169 1107 tenendam
1187 1054 1218 1104 et
1235 1048 1401 1104 habendam

355 1140 392 1195 de
410 1139 492 1194 nobis
511 1144 541 1193 et
558 1137 775 1193 successoribus
793 1135 910 1200 nostris,
929 1136 961 1190 in
978 1134 1062 1191 feodo
1089 1140 1120 1190 et
1142 1133 1324 1198 hereditate,
1345 1132 1402 1187 sibi

356 1231 387 1280 et
403 1221 567 1278 heredibus
585 1221 657 1286 suis,
676 1221 768 1276 libere
787 1227 818 1276 ct
835 1221 932 1292 quiete
950 1219 986 1276 eb
1004 1219 1083 1275 omni
1107 1218 1229 1276 servitio
1245 1217 1284 1273 ad
1299 1234 1355 1272 uos
1372 1222 1404 1270 et

356 1308 394 1364 ed
412 1322 594 1363 successores
611 1309 725 1360 nostros
743 1304 907 1376 pertinente
924 1321 978 1375 pro
1001 1303 1089 1359 xxxii.
1109 1301 1212 1359 solidis
1229 1302 1347 1373 argenti
1365 1299 1403 1355 ud

356 1396 482 1462 quatuor
499 1389 639 1444 terminos
657 1388 725 1444 anni
749 1387 832 1444 uobis
858 1393 889 1442 et
914 1386 1132 1442 successoribus
1158 1385 1268 1442 nocuis
1292 1382 1403 1458 persol-

356 1474 469 1539 vendis,
489 1473 602 1529 scilicet
619 1471 656 1526 ad
679 1473 788 1527 festum
807 1470 907 1527 Sancti
924 1470 1088 1537 Michaelis,
1107 1470 1146 1526 ad
1171 1471 1280 1527 festum
1302 1467 1403 1526 smus

357 1557 491 1623 meree,
523 1556 560 1612 ad
588 1555 852 1612 Annunciationem
876 1555 977 1610 Beatae
1003 1553 1115 1619 Mario,
1141 1554 1180 1610 ad
1207 1553 1403 1611 Nativitatem

357 1643 443 1698 Beati
461 1641 481 1697 J
482 1641 602 1696 ohannis
621 1640 773 1712 Baptista,
793 1639 831 1694 ad
843 1639 1005 1710 quemlibet
1021 1639 1189 1705 terminum,
1203 1644 1270 1695 octo
1281 1636 1402 1696 solidos

358 1726 443 1781 Idem
459 1743 530 1783 vero
547 1725 638 1797 Hngo
653 1723 853 1795 juramentum
876 1723 960 1779 nobis
978 1723 1118 1794 praestitit
1135 1721 1214 1795 quod
1230 1721 1329 1779 fidelis
1347 1720 1406 1777 erit

358 1809 490 1868 ecclesiae
507 1814 624 1874 nostrae,
644 1815 675 1864 et
691 1809 817 1864 maxime
835 1807 872 1862 de
889 1806 1054 1864 reddendo¹
1081 1806 1198 1864 redditu
1223 1811 1325 1865 nocuo
1341 1804 1404 1878 ple·

358 1895 440 1950 uarie
469 1893 588 1950 statutis
618 1892 761 1958 terminis,
791 1898 822 1948 et
851 1891 929 1963 quod
961 1909 1016 1948 nec
1045 1897 1139 1949 artem
1167 1907 1221 1948 nec
1252 1890 1405 1964 ingenium

358 1979 501 2049 exquiret,
520 1977 598 2031 unde
616 1976 720 2032 domus
737 1981 838 2032 nostra
863 1993 917 2047 per
941 1981 1077 2031 teumam
1101 1992 1186 2032 suam
1202 1974 1345 2033 domnum
1360 1973 1406 2029 in·

359 2067 466 2126 currat,
480 2066 511 2115 et
528 2060 607 2131 quod
623 2060 793 2131 praedictam
810 2065 921 2114 terram
938 2077 1033 2129 neque
1050 2058 1165 2124 vendet,
1185 2076 1280 2130 neque
1293 2075 1407 2114 excam-

358 2146 428 2210 biet,
448 2161 542 2215 neque
560 2144 592 2197 in
608 2143 806 2198 vadimonium
831 2149 928 2214 ponet,
947 2160 1041 2214 neque
1067 2143 1156 2198 elicui
1180 2143 1211 2198 in
1236 2143 1356 2199 feodum
1377 2151 1408 2196 et

360 2228 561 2284 haereditatem
578 2227 676 2282 tradet
693 2227 756 2282 sine
774 2245 896 2282 assensu
921 2233 1031 2283 nostro.
1066 2225 1198 2281 Eandem
1216 2228 1408 2283 securitatem

360 2312 468 2367 facient
484 2311 567 2367 nobis
585 2310 716 2365 haeredes
744 2311 790 2365 sui
818 2328 885 2364 cum
912 2308 1024 2380 singuli
1042 2308 1099 2365 sibi
1117 2309 1282 2366 succedent.
1321 2309 1407 2364 Idem

359 2414 429 2455 vero
447 2396 539 2467 Hugo
557 2401 587 2449 et
604 2395 735 2449 haeredes
761 2394 807 2448 sui
832 2394 933 2465 regale
959 2393 1113 2450 servitium
1139 2412 1207 2450 cum
1232 2394 1336 2450 liberis
1354 2394 1406 2449 ho-

359 2478 496 2542 minibus,
518 2478 544 2532 si
567 2482 700 2532 exectum
723 2476 823 2540 fuerit,
843 2482 873 2532 et
899 2476 1012 2532 curiam
1036 2482 1167 2534 nestram
1190 2477 1227 2533 de
1249 2477 1408 2534 Estlecche

360 2569 528 2637 sequentur,
542 2567 573 2617 et
589 2560 761 2617 rationabile
779 2560 922 2616 relevium
940 2560 1057 2628 facient,
1071 2568 1102 2618 et
1119 2567 1262 2634 preterea
1277 2558 1408 2636 singulis

360 2648 444 2703 annis
473 2646 570 2702 abbati
601 2653 630 2701 et
659 2645 815 2701 conventui
848 2644 1060 2716 Gyreueeshiae
1093 2647 1130 2702 ad
1164 2647 1274 2702 festum
1305 2645 1409 2703 Sancti

359 2730 523 2795 Michaelis,
537 2747 604 2784 cum
622 2729 688 2784 aliis
706 2729 808 2784 liberis
819 2728 987 2785 hominibus
998 2729 1107 2786 uostris
1125 2729 1162 2785 de
1179 2729 1329 2796 Montana,
1342 2729 1410 2802 per·

361 2815 475 2871 solvent
492 2813 645 2869 duodecim
663 2813 798 2869 denarios
816 2811 853 2868 de
871 2812 928 2868 line
945 2813 1057 2869 eisdem
1075 2814 1150 2869 iacto
1167 2813 1204 2869 de
1221 2812 1396 2871 hundredis.

395 2899 432 2952 ln
461 2897 546 2969 cujus
576 2896 620 2952 rei
650 2897 849 2953 testimonium
879 2915 1009 2969 praesens
1045 2896 1187 2971 scriptum
1223 2898 1255 2954 in
1287 2898 1409 2957 modum

359 2980 536 3056 cyrographi
554 2980 703 3037 internos
721 2983 887 3038 confectum
905 2987 960 3047 est,
980 2987 1037 3038 etc.

627 3248 838 3315 oooxcru
860 3248 1093 3340 uppem?

194 3424 264 3477 al).
277 3432 340 3478 1263
397 3424 519 3482 Sciant³
536 3431 696 3497 pressantes
714 3434 744 3483 et
762 3427 864 3494 futuri,
884 3427 962 3499 quod
979 3443 1037 3498 ego
1055 3426 1219 3498 Stephanus
1237 3426 1275 3483 de
1293 3427 1409 3501 Flgges-

193 3497 284 3544 ·¹²⁸⁴·
360 3516 456 3583 worpe
473 3509 551 3574 dedi,
571 3510 710 3575 concessi,
730 3516 761 3566 et
786 3511 841 3566 hnc
867 3512 1005 3581 praesenls'
1032 3517 1114 3568 carta
1139 3528 1206 3568 mea
1224 3511 1408 3579 confirmavi,

195 3570 337 3638 OOEW‘
360 3594 432 3650 viris
449 3593 598 3665 religiosis
622 3594 720 3650 abbati
747 3601 778 3652 et
802 3596 959 3651 conventui
976 3595 1078 3653 Sancti
1100 3594 1183 3652 Petri
1200 3595 1408 3662 olonnensis,

194 3639 297 3690 werthe

193 3715 213 3768 i.
227 3722 281 3768 196.

359 3677 559 3733 molendinum
585 3695 684 3733 meum
710 3679 746 3734 de
771 3679 978 3754 Eggesworpe,
1007 3698 1075 3736 cum
1101 3680 1216 3737 duobus
1238 3681 1354 3749 croilis,
1379 3686 1412 3737 et

360 3761 486 3832 quodam
511 3763 636 3832 pratello
653 3762 864 3832 aeh'acentibus,
885 3770 916 3821 et
941 3782 1008 3820 cum
1034 3771 1141 3836 stagno
1164 3770 1195 3820 et
1221 3765 1360 3837 piscaria,
1379 3772 1410 3822 ot

360 3861 428 3899 curn
446 3846 579 3901 omnihus
604 3846 671 3900 ahie
698 3846 880 3917 pertinentiis
908 3848 989 3914 suis;
1017 3848 1182 3904 habendum
1199 3855 1231 3905 et
1247 3849 1411 3906 tenendum

360 3928 398 3983 de
427 3947 473 3983 me
503 3936 534 3983 et
563 3929 728 3985 haeredibus
758 3932 832 3986 meis
862 3931 974 3987 dictum
1002 3931 1200 3988 molendinum
1225 3951 1296 3989 cum
1320 3933 1411 3990 (lictis

361 4012 543 4082 pertinentiis
574 4014 635 4068 suis
666 4013 697 4067 in
726 4021 909 4085 perpetuum,
938 4015 1040 4081 libere,
1070 4017 1178 4087 quiete,
1209 4017 1295 4084 bene,
1321 4024 1354 4074 et
1378 4018 1410 4074 in

362 4113 442 4166 pace.

395 4180 554 4237 Reddendo
572 4180 639 4235 inde
657 4183 815 4246 annuatim,
836 4201 853 4237 e
871 4184 946 4239 resto
964 4183 1049 4240 Beati
1072 4184 1208 4240 Niehclai
1226 4203 1304 4242 anno
1320 4187 1409 4260 regui

802 4330 814 4335 .-
833 4330 1063 4337 .—---.----u

393 4412 787 4478 'reddendohepeatedinlffi
903 4416 1411 4483 (caraliptwhisgrminid

393 4490 860 4556 *reaumaus-narsae
903 4496 1411 4567 cannamomum-q

360 4569 859 4638 'nuenatthetopoithispageinu
879 4562 883 4647 ξ
903 4575 1079 4640 oflleginnld,
1095 4576 1180 4626 whose
1198 4576 1289 4642 period
1309 4578 1324 4628 1
1343 4579 1412 4632 have

361 4649 510 4698 interhand.
878 4654 1313 4765 ladoptedasthemrgimldsta

393 4728 451 4778 'ln
473 4729 516 4778 the
538 4729 653 4780 esieudsr
677 4732 710 4782 of
728 4733 860 4784 domums
