3218 5640
369 762 435 827 292
657 779 908 830 canromamu
929 781 1142 831 nosternon

407 1063 617 1131 DOOCXOI.
649 1065 816 1151 Uplcdece
838 1065 885 1131 od
908 1064 1097 1131 teatinum
1119 1063 1198 1131 vita
1219 1065 1380 1132 domum.
1487 1124 1493 1136 .

200 1212 269 1264 al).
284 1217 348 1262 1263
407 1206 523 1262 Sciant¹
536 1213 695 1278 praesentes
715 1215 744 1262 ct
764 1208 866 1271 futuri,
887 1208 965 1277 quod
978 1226 1030 1263 nos
1044 1207 1235 1279 Reginaldus,
1249 1208 1306 1262 Dei
1326 1207 1426 1279 gratia

200 1284 292 1330 4²⁸⁴·
370 1291 459 1346 abbas
479 1297 509 1345 et
536 1298 695 1347 conventus
722 1292 822 1346 Sancti
846 1292 929 1346 Petri
955 1292 1157 1356 Gloucestriae,
1177 1291 1376 1347 concessimus
1395 1297 1427 1346 et

201 1357 324 1423 OfUPle·
369 1373 546 1428 tradidimus
571 1375 721 1429 Willelmo
746 1375 782 1428 de
801 1375 873 1430 Acie
900 1375 960 1429 filio
981 1374 1150 1446 [Willelmi]
1176 1374 1212 1430 dc
1230 1375 1314 1438 Acie,
1334 1392 1425 1428 unam

202 1425 273 1475 ἀπ’
370 1456 523 1511 dimidiam
550 1458 696 1528 virgatam
732 1464 819 1513 terrae
850 1459 880 1513 in
911 1460 1041 1514 manerio
1068 1466 1167 1513 nostro
1194 1458 1231 1521 ds
1259 1457 1424 1529 Upledene,

368 1541 452 1597 illam
479 1540 593 1595 scilicet
621 1560 708 1612 quam
739 1541 889 1596 Walterus
919 1543 956 1596 de
981 1543 1011 1596 la
1037 1542 1106 1612 Hay
1133 1541 1169 1596 de
1195 1541 1279 1596 nobis
1308 1541 1424 1607 tenuit3

367 1624 523 1680 tenendam
548 1630 578 1679 et
603 1625 766 1680 habendam
792 1625 900 1681 dictam
924 1633 1034 1681 terram
1059 1626 1116 1680 sibi
1140 1632 1170 1680 ct
1194 1626 1312 1681 Matildi
1340 1625 1426 1680 uxori

368 1727 439 1773 suae,
466 1708 558 1762 libere
586 1716 616 1764 et
644 1709 752 1780 quiete,
781 1710 855 1763 bene
886 1717 916 1764 et
945 1711 977 1763 in
1005 1727 1086 1780 pace,
1119 1709 1155 1764 ad
1185 1710 1276 1764 vitam
1302 1709 1425 1764 illorum

366 1798 489 1848 tantum.

403 1874 562 1930 Reddendo
581 1873 647 1929 inde
666 1876 815 1930 annuatim
833 1877 917 1931 nobis
936 1883 965 1930 et
984 1877 1200 1932 successoribus
1218 1877 1338 1941 nostris,
1358 1876 1424 1947 ipse

257 1998 263 2007 .
367 1965 398 2013 et
426 1958 552 2013 Matilda
580 1976 653 2013 uxor
684 1978 746 2023 sua,
779 1960 804 2014 si
835 1978 904 2014 eum
934 1961 1137 2031 supervixerit,
1169 1978 1256 2015 unam
1291 1978 1424 2016 marcam

367 2041 483 2111 argenti
509 2041 546 2095 ad
573 2048 697 2112 quatuor
725 2043 793 2097 anni
818 2043 969 2109 terminos,
998 2044 1112 2099 scilicet
1138 2043 1176 2098 ad
1202 2044 1310 2098 festum
1335 2043 1424 2098 Beati

366 2125 521 2185 Michaelis
546 2130 607 2181 tres
634 2125 742 2180 solidos
771 2133 801 2181 et
827 2132 951 2197 quatuor
977 2126 1120 2190 denarios,
1146 2126 1184 2181 ad
1206 2128 1316 2182 festum
1334 2126 1423 2182 Beati

365 2209 493 2263 Andreas
519 2214 580 2263 tres
608 2209 717 2264 solidos
745 2217 775 2265 ct
794 2216 918 2281 quatuor
937 2211 1139 2275 denarios„ad
1157 2211 1422 2267 Annunoiationem

367 2291 466 2347 Beatae
484 2292 587 2346 Mariae
605 2298 666 2347 tres
686 2292 793 2347 soiidos
814 2291 870 2363 [et]
891 2300 1016 2363 quatuor
1034 2293 1180 2359 denarios,
1200 2300 1230 2349 ct
1247 2293 1284 2349 ad
1302 2293 1422 2349 Nativi-

366 2380 457 2430 tatem
470 2375 556 2430 Beati
570 2375 589 2429 J
591 2377 712 2431 ohannis
725 2377 867 2447 Baptistae
880 2383 940 2432 tres
954 2377 1062 2432 solidos
1081 2384 1111 2433 et
1129 2383 1254 2450 quatuor
1272 2378 1420 2442 denarios,

365 2477 419 2529 pro
438 2459 516 2514 omni
535 2460 656 2514 servitio
675 2466 712 2515 et.

408 2719 639 2786 DOOCXCII.
663 2720 712 2784 De
735 2720 892 2806 Storidya
914 2742 1017 2806 saper
1036 2721 1189 2807 quodam
1207 2721 1374 2808 piscaria.

194 2889 348 2946 A.D.1245.
397 2879 471 2934 Haec
490 2886 536 2933 est
553 2878 648 2932 finalis
673 2877 835 2941 concordia,
854 2880 931 2934 facta
953 2879 984 2933 in
1009 2880 1092 2934 curia
1110 2879 1220 2935 domini
1238 2881 1320 2950 regis
1339 2880 1420 2952 apud

195 2969 333 3024 ossam.
361 2961 665 3024 westmonasterium,
686 2961 717 3014 in
735 2961 846 3015 octabis
867 2960 967 3016 Sancti
985 2963 1116 3033 Hyllarii
1135 2981 1210 3018 anno
1228 2964 1315 3034 regni
1333 2964 1417 3035 regis

194 3037 244 3090 ἰὼ·
361 3045 486 3101 Henrici
504 3044 557 3098 filii
576 3044 657 3114 regis
678 3043 821 3098 iohannis
840 3044 979 3099 vicesimo
1003 3063 1086 3110 nono,
1113 3063 1210 3101 coram
1228 3046 1360 3101 Henrico
1380 3047 1418 3102 de

298 3157 306 3172 ·
361 3129 513 3194 Bathonia,
533 3128 651 3198 Rogare
669 3126 705 3181 de
723 3126 869 3198 Turkeby,
890 3128 1017 3184 Roberto
1036 3130 1072 3183 de
1084 3129 1276 3200 Notingham,
1297 3129 1417 3186 Jollano

361 3215 397 3269 de
408 3214 438 3268 N
439 3212 554 3278 eofvilc,
569 3218 599 3266 et
611 3211 743 3266 Gilberto
762 3211 798 3266 de
816 3212 966 3278 Prestone,
978 3214 1161 3283 justiciariis,
1176 3221 1207 3269 et
1222 3214 1290 3269 aliis
1303 3214 1417 3271 domini

315 3353 317 3355 ,
359 3299 440 3369 regis
453 3296 587 3351 fidelibus
600 3302 669 3350 tunc
681 3295 722 3348 ibi
734 3296 936 3366 praesentibus,
951 3297 1028 3352 inter
1040 3296 1060 3350 J
1061 3297 1203 3351 ohannem
1215 3297 1252 3351 de
1264 3297 1416 3371 Frepornc

360 3387 539 3452 querentem,
554 3388 585 3435 et
602 3379 621 3433 J
623 3375 784 3432 ohannem²
796 3378 929 3433 abbatem
941 3379 976 3434 do
990 3380 1174 3435 Gloucestria
1192 3379 1414 3447 deforciantem,

358 3483 412 3538 per
424 3466 519 3520 Adam
532 3463 738 3518 Marescallum
754 3462 882 3532 positum
900 3463 963 3517 loco
982 3481 1034 3518 suo
1047 3463 1085 3518 ad
1095 3463 1270 3518 lucrandum
1280 3463 1330 3517 vel
1348 3482 1417 3535 per-

359 3549 496 3613 dendum,
517 3549 552 3602 de
572 3546 696 3618 quadam
715 3545 842 3615 piscaria
859 3546 890 3599 in
908 3564 984 3616 aqna
1002 3546 1038 3601 ds
1058 3547 1189 3601 Sabrina.
1227 3545 1314 3602 Unde
1333 3547 1415 3603 idem

359 3633 508 3688 Johanncs
527 3636 648 3702 questus
667 3630 725 3682 fuit
742 3628 820 3699 quod
838 3629 984 3684 Esuriens
1003 3630 1091 3685 abbas
1111 3630 1314 3694 Gloucestriae,
1337 3648 1416 3702 prte-

358 3719 495 3772 decessor
513 3715 606 3787 ipsius
626 3713 748 3777 abbatis,
768 3712 877 3783 injuste
896 3714 1005 3768 levavit
1022 3714 1192 3786 praedictam
1211 3715 1369 3784 piscariam
1382 3717 1414 3770 in

357 3802 499 3875 praedicta
511 3817 586 3871 aqua
605 3816 640 3852 ex
657 3797 789 3868 opposito
807 3796 843 3850 de
862 3797 1027 3852 Pucheacre
1046 3797 1083 3852 ad
1100 3803 1307 3853 nocumentum
1325 3798 1415 3854 liberi

265 3904 275 3930 ⁶
358 3885 518 3943 tenementi
537 3884 630 3955 ipsius
650 3880 790 3935 Johannis
809 3886 839 3934 et
856 3880 1006 3936 haercdnm
1024 3899 1152 3945 suorum,
1173 3882 1215 3936 ita
1236 3881 1315 3952 qnod
1333 3881 1414 3938 idem

358 3971 447 4026 abbas
479 3974 508 4023 et
538 3982 720 4023 successores
747 3965 793 4018 sui
820 3962 944 4019 habeant
973 3965 1004 4018 in
1032 3964 1173 4036 praedicta
1198 3981 1274 4034 aqua
1304 3964 1414 4036 viginti

357 4055 467 4126 puches
494 4053 557 4107 sine
584 4047 810 4122 contradictione
834 4048 927 4119 ipsius
947 4047 1088 4102 Johannis
1113 4052 1144 4102 ct
1167 4047 1318 4102 haeredum
1343 4067 1411 4104 sno·

356 4158 433 4203 rum,
465 4139 508 4192 ita
538 4135 616 4206 qnod
645 4133 725 4187 idem
755 4132 844 4186 abbas
875 4138 905 4186 et
934 4149 1117 4187 successores
1154 4132 1198 4186 sui
1230 4131 1342 4186 ibidem
1378 4134 1411 4188 in

356 4223 498 4297 predicta
522 4237 598 4290 aqna
622 4217 703 4272 nullo
731 4216 788 4270 alio
815 4214 901 4270 modo
926 4222 1064 4287 poterunt
1087 4215 1205 4287 piscari,
1224 4233 1280 4270 nec
1306 4215 1409 4286 plures

356 4308 466 4380 puches
484 4305 592 4358 habere
610 4303 642 4356 in
659 4299 761 4355 eodem
779 4299 852 4365 loco,
872 4317 926 4354 nec
943 4300 1022 4354 idem
1041 4299 1186 4355 Johanncs
1204 4316 1258 4355 nec
1275 4299 1410 4354 haeredes

356 4448 644 4465 -ae—-——--—·‘

390 4540 397 4568 ¹
416 4535 480 4585 This
499 4534 521 4582 is
538 4548 553 4582 a
572 4530 661 4595 partinl
679 4526 812 4593 repetition
831 4525 861 4575 of
874 4525 922 4576 No.
942 4524 1079 4576 cccclx.
1104 4525 1181 4588 (onte,
1197 4524 1248 4575 vol.
1259 4523 1277 4574 i.
1295 4540 1318 4589 p.
1335 4527 1408 4588 385).

364 4612 443 4666 Vacat
453 4612 492 4662 tic
511 4611 534 4660 is
544 4611 645 4660 written
657 4608 683 4658 in
695 4608 738 4657 the
749 4604 855 4671 margin.

388 4697 399 4727 ²
415 4692 484 4746 John
497 4691 528 4739 de
539 4688 627 4738 Felda.
