3218 5640
359 816 402 879 30
642 827 892 880 ossmmamu
914 827 1123 879 senseram

360 1022 421 1061 suoe
440 1003 522 1060 dedit
539 1002 650 1060 eisdem
678 1005 827 1060 monachis
847 1022 913 1060 cum
932 1005 1066 1060 omnibus
1092 1004 1154 1060 suis
1172 1004 1359 1084 pertinentiis
1378 1006 1409 1061 in

359 1089 492 1154 liberam,
518 1107 632 1160 puram,
653 1095 683 1145 et
706 1095 877 1162 perpetuam
896 1089 1093 1145 elemosinam.
1141 1089 1181 1144 Et
1208 1090 1348 1162 quicquid
1378 1092 1408 1146 iu

359 1173 437 1228 dicto
455 1173 621 1229 molendino
639 1192 705 1230 cum
724 1174 906 1245 pertinentiis
925 1182 1008 1246 pater
1026 1192 1109 1229 meus
1127 1174 1288 1230 habuitvel
1301 1174 1409 1230 habere

359 1258 454 1330 potuit
479 1258 541 1313 sine
568 1258 667 1330 alique
693 1265 891 1315 retenemente
909 1259 1020 1315 eisdem
1039 1258 1188 1315 monachis
1212 1259 1359 1315 concesei¹
1379 1268 1410 1314 et

359 1341 536 1408 confirmavi,
557 1347 611 1398 eto.

662 1615 900 1686 COOCLXIX.
925 1619 973 1685 Dc
989 1616 1106 1684 codem.

192 1799 346 1861 A.D.1220,
396 1775 497 1833 Sciant
514 1779 672 1849 presentes
692 1779 722 1831 et
739 1775 842 1839 futuri,
863 1773 949 1845 quod,
970 1790 1026 1844 ego
1043 1773 1210 1830 Willelmas
1229 1774 1265 1830 ds
1283 1775 1408 1841 Pareho,

193 1867 270 1931 April
283 1874 304 1919 5.
360 1879 433 1919 anno
449 1862 485 1918 ab
504 1860 708 1917 Incsrnatiene
727 1859 845 1914 Domini
864 1859 1022 1915 millesime
1040 1857 1239 1916 ducentesimo
1257 1861 1409 1927 vicesimo,

193 1945 280 1996 (iftho
359 1947 443 2003 nonis
461 1947 585 2019 Aprilis,
599 1963 653 2018 pro
672 1945 767 2001 salute
786 1945 890 2000 animae
909 1961 982 1999 mesa
1000 1949 1031 1998 et
1049 1945 1178 2000 omnium
1191 1951 1409 2002 antecessorum

192 2027 266 2064 sams.

193 2091 209 2143 s.
225 2096 278 2143 122.

359 2041 389 2088 et
416 2049 617 2089 successorum
644 2049 786 2095 meorum,
807 2029 875 2084 dedi
893 2035 924 2084 et
949 2029 1089 2093 concessi,
1110 2037 1139 2085 et
1165 2031 1303 2101 praesenti
1331 2037 1412 2086 carta

358 2133 424 2172 mea
441 2116 619 2180 confirmavi,
640 2115 671 2169 in
688 2115 822 2178 liberem,
837 2132 951 2184 puram,
972 2119 1002 2170 et
1019 2119 1192 2186 perpetuam
1210 2115 1409 2180 elemosinam,
1443 2156 1451 2173 .

358 2200 456 2256 abbati
481 2206 510 2254 ct
536 2199 690 2254 conventui
720 2198 818 2253 Sancti
845 2198 927 2253 Petri
955 2196 1155 2264 Gloueestrins,
1184 2199 1332 2254 redditum
1360 2216 1412 2256 sex

358 2285 518 2342 solidorum
544 2284 574 2339 in
602 2283 769 2338 molendino
795 2283 872 2354 qued
891 2281 1041 2337 Gulfridus
1060 2283 1158 2338 Merin
1182 2282 1219 2338 de
1246 2301 1293 2338 me
1317 2284 1410 2339 herre-

359 2369 463 2426 ditarie
493 2369 588 2424 tenuit
618 2367 768 2422 annuatim
798 2366 1063 2439 percipiendorum.
1107 2367 1211 2424 'Potum
1242 2368 1331 2423 etiam
1358 2369 1410 2441 jus

359 2454 436 2527 qnod
454 2453 485 2508 in
503 2452 605 2508 eedem
623 2451 789 2507 molendino
808 2469 863 2521 ego
880 2452 928 2506 vel
947 2451 1077 2506 haeredes
1096 2452 1154 2506 mei
1179 2451 1334 2508 habuimus
1362 2453 1410 2508 vel

358 2539 465 2594 habere
492 2538 649 2609 potuimus,
671 2536 732 2591 sine
761 2536 859 2607 alique
886 2541 1093 2599 retenemcnte,
1114 2536 1156 2590 eia
1174 2536 1323 2591 monachis
1342 2536 1410 2592 dedi

359 2628 389 2677 et
406 2621 545 2685 concessi,
566 2626 597 2675 et
615 2619 747 2691 quietum
772 2620 896 2674 clamavi
922 2620 951 2673 in
979 2625 1163 2691 perpetuum.
1202 2620 1266 2692 Ego
1290 2637 1362 2675 vero
1380 2627 1411 2676 et

359 2704 490 2761 haeredes
520 2704 577 2758 mei
607 2703 777 2775 praedictam
808 2704 990 2760 donationem
1022 2703 1169 2775 praedietis
1199 2703 1348 2760 monachis
1379 2705 1409 2759 in

360 2796 534 2863 perpetuum
552 2788 815 2844 warantizabimus.

396 2874 432 2931 In
451 2872 534 2944 enjus
553 2873 595 2928 rei
614 2872 824 2928 testimenium.

576 3145 791 3215 CCCOLXX.
815 3145 864 3210 De
886 3143 1188 3213 Meeostrewerttc.2

395 3295 497 3354 Sciant
513 3301 574 3353 tam
591 3299 750 3368 presentes
770 3310 858 3365 quam
882 3291 985 3357 futuri,
1006 3292 1084 3364 qued
1108 3309 1164 3364 ego
1182 3291 1350 3350 Willelmua
1374 3293 1411 3349 de

358 3380 618 3440 Munstreworthin
653 3377 762 3435 tradidi
799 3385 829 3432 et
864 3376 995 3432 concessi
1026 3375 1143 3447 Rogare
1179 3377 1241 3433 fllio
1270 3377 1412 3435 cecilia*

359 3467 551 3524 Glouesstriae
581 3473 642 3522 tres
673 3481 755 3521 aeras
785 3462 863 3534 prati
894 3462 926 3516 in
953 3466 1074 3533 pastura
1103 3479 1267 3529 vaccarum,
1297 3463 1413 3520 scilicet

358 3559 475 3627 pratum
494 3551 572 3624 qued
586 3551 667 3622 jacet
692 3549 904 3619 interpretum
923 3545 1006 3616 Elyec
1034 3545 1070 3602 de
1089 3545 1216 3604 Perehes
1244 3554 1275 3603 et
1292 3556 1410 3621 pratum

359 3638 469 3709 Rogeri
488 3635 570 3708 Keya
585 3636 613 3700 3⁴
631 3631 771 3690 tenendas
790 3629 929 3685 demeat
947 3628 1114 3685 heredibus
1133 3631 1208 3687 meis
1220 3632 1266 3686 illi
1278 3639 1309 3688 et
1319 3633 1413 3689 heere·

358 3723 444 3778 dibus
458 3721 519 3778 suis
531 3720 624 3774 libere
637 3724 667 3773 et
679 3717 775 3788 quiete
786 3733 840 3787 pre
852 3714 930 3770 omni
945 3714 1074 3778 servitio,
1090 3715 1171 3770 salve
1184 3717 1305 3773 servitio
1317 3719 1409 3790 regis,

359 3809 388 3864 iu
409 3805 494 3862 feodo
512 3809 542 3859 et
559 3803 730 3859 hereditate
753 3800 901 3855 annuatim
924 3816 977 3871 pro
998 3799 1086 3854 xxvii.
1105 3800 1233 3857 denariis
1252 3802 1412 3859 reddendis

359 3891 431 3947 mihi
443 3877 492 3945 vel¹
505 3888 671 3944 haeredibus
690 3886 740 3940 ilia
760 3884 807 3940 vel
824 3883 955 3938 hmredes
975 3882 1019 3938 sui
1039 3883 1076 3937 ad
1087 3882 1281 3942 Nativitatem
1295 3886 1411 3944 Sancta

358 3974 470 4030 Marias.
508 3972 547 4028 lit
565 3989 621 4043 ege
638 3969 805 4027 Willelmus
823 3968 982 4040 pradictus
1001 3971 1031 4023 et
1047 3967 1180 4024 haerodes
1192 3970 1250 4024 mei
1268 3971 1410 4043 predicto

358 4058 475 4131 Rogare
508 4062 538 4111 et
562 4054 728 4110 haeredibus
757 4054 819 4109 suis
839 4051 1013 4124 praedictum
1038 4058 1154 4122 pratum
1183 4058 1283 4110 contra
1309 4074 1409 4112 omnes

359 4143 490 4199 homines
507 4139 770 4202 warantizabimus,
791 4143 821 4192 ot
839 4137 874 4192 de
894 4136 1014 4192 servitio
1032 4136 1112 4208 regis
1133 4138 1210 4208 quod
1228 4140 1354 4210 pertinet
1373 4140 1409 4196 ad

357 4225 431 4282 iilud
460 4232 577 4298 pratum
613 4222 836 4296 equietabimus.
898 4221 956 4275 Pro
995 4238 1053 4292 qua
1083 4222 1217 4293 pactione
1247 4223 1407 4296 praediotus

1234 4368 1403 4377 ----·-—-..

394 4455 400 4484 ¹
418 4452 493 4502 Aster
503 4449 608 4498 concessi
625 4448 695 4499 there
715 4447 736 4497 is
748 4462 764 4498 a
780 4447 858 4511 slight
907 4448 981 4497 bisek
995 4449 1300 4512 intermissurum
1314 4454 1410 4523 having

358 4549 458 4586 erasure
469 4531 496 4581 in
507 4530 549 4581 the
560 4528 617 4578 MS.
908 4528 970 4576 beon
982 4530 1075 4578 erased.

941 4607 950 4635 ²
970 4606 1081 4673 Uecilio]
1101 4609 1259 4667 emostis.

390 4687 633 4754 ²Mameeworete]
664 4688 756 4737 Added
772 4686 798 4736 in
816 4687 857 4737 the
940 4684 1048 4752 ‘KeyaeJ
1076 4686 1165 4737 Clenct
1187 4688 1214 4738 in
1237 4691 1336 4742 chortes·
1359 4692 1406 4745 Ne.

359 4773 457 4839 margin
477 4771 504 4822 tn
515 4768 658 4828 ediderant
674 4766 815 4826 handaod
832 4767 857 4819 in
907 4764 1087 4818 OCCCLXVI
1098 4768 1176 4829 (ente,
1188 4781 1210 4831 p.
1225 4771 1277 4835 28).
