3218 5640
363 787 427 848 122
652 800 900 850 ostentamen
923 800 1129 851 uoutsrmui

290 965 297 980 ¹
361 973 433 1026 alias
453 990 525 1042 quas
544 973 580 1026 dc
599 974 739 1044 praedicta
764 981 843 1029 terra
867 977 965 1038 habui,
994 977 1023 1030 in
1052 977 1137 1047 pleno
1155 975 1297 1030 comitam
1317 973 1414 1027 Here·

361 1057 472 1120 sorfflm,
493 1057 578 1111 dictis
597 1059 695 1113 abbati
714 1069 744 1113 et
762 1061 917 1114 conventui
936 1061 1053 1115 tradidi.

396 1141 435 1195 Et
458 1147 492 1195 ut
509 1142 571 1195 haec
589 1160 656 1196 mea
674 1143 790 1198 donatio
808 1154 983 1216 perpetuum
1001 1145 1090 1201 robur
1114 1144 1253 1208 obtineat,
1273 1138 1415 1213 praesenti

361 1226 471 1295 scripto
489 1226 622 1296 sigillum
640 1246 738 1282 meum
757 1231 888 1301 apposni.

396 1309 465 1364 Hiis
483 1310 617 1376 testibus,
638 1311 726 1368 Petro
745 1313 780 1368 de
799 1315 1006 1387 Eggesworpc,
1028 1321 1083 1370 etc.

686 1583 873 1648 DOXXIV.
896 1584 945 1648 Dc
967 1584 1085 1650 codem..

397 1746 497 1802 Sciant
515 1753 673 1817 praesentes
698 1753 729 1803 et
753 1748 856 1813 futuri,
877 1747 955 1818 qood
979 1766 1035 1818 ego
1062 1743 1222 1810 Hammon,
1244 1745 1300 1799 Dei
1314 1745 1415 1815 gratia

360 1830 448 1884 abbas
476 1836 506 1885 et
539 1843 698 1887 conventus
725 1832 823 1888 Sancti
860 1832 942 1886 Petri
979 1831 1180 1894 Gloucestriae,
1213 1830 1416 1885 concessimus

361 1913 492 1970 Waltero
517 1915 552 1970 de
579 1914 769 1980 Suthenhele,
802 1923 832 1971 et
856 1917 939 1971 uxori
967 1933 1135 1986 autequam
1160 1914 1256 1985 primo
1285 1912 1416 1977 duxerit,

360 1999 513 2053 dimidiam
531 2001 677 2070 virgatam
696 2007 782 2054 terrm
801 2001 831 2053 in
851 1999 1029 2055 Suthenhale
1050 2005 1165 2054 tantum
1183 1999 1213 2052 in
1231 1998 1294 2052 vita
1312 2013 1418 2052 corum

359 2084 407 2137 vel
425 2084 548 2138 alterius
567 2101 668 2138 comm
687 2085 738 2154 qui
750 2084 861 2139 diutius
880 2084 1002 2149 vixerit;
1022 2082 1178 2138 tenendam
1200 2088 1231 2138 et
1247 2080 1417 2136 habendam

359 2166 395 2220 de
413 2167 497 2222 nobis
516 2168 657 2238 quamdiu
675 2168 810 2223 vixerint.

395 2251 554 2307 Reddendo
578 2252 646 2306 inde
676 2252 825 2307 annuatim
852 2252 935 2307 nobis
962 2252 1116 2308 duodecim
1142 2250 1251 2307 solidos
1278 2249 1316 2306 ed
1341 2250 1418 2305 dnos

359 2337 428 2389 anni
445 2336 595 2399 terminos,
621 2336 735 2391 scilicet
757 2335 945 2391 medietatem
968 2335 1007 2390 ad
1023 2335 1288 2390 annunciationem
1314 2334 1418 2390 Beatm

359 2419 471 2483 Mariae,
503 2427 534 2475 et
564 2420 652 2474 aliam
681 2420 867 2476 medietatem
897 2420 935 2475 ad
970 2421 1077 2475 festum
1109 2420 1209 2476 Sancti
1246 2419 1416 2474 Michaelis.

359 2504 464 2558 Dictus
493 2522 564 2559 vcro
588 2504 736 2560 walterus
764 2511 794 2559 et
818 2522 890 2560 uxor
917 2505 981 2575 ejus
1005 2505 1163 2560 manebunt
1188 2521 1277 2574 super
1305 2502 1418 2558 dictam

359 2587 511 2642 dimidiam
529 2589 676 2659 virgatam
687 2595 783 2643 terrae.
820 2589 892 2644 Post
904 2589 1057 2643 decessum
1069 2607 1139 2644 vcro
1152 2589 1316 2661 utriusque,
1336 2587 1419 2643 dicte

359 2677 438 2725 terra
456 2673 519 2726 sine
538 2674 617 2726 omni
635 2673 859 2728 contradictione
873 2673 1008 2743 alicujus,
1028 2692 1095 2728 cum
1113 2674 1193 2728 omni
1211 2672 1418 2728 melioratione

360 2755 552 2826 superposita,
584 2756 622 2810 ad
644 2775 697 2812 nos
721 2757 813 2811 libere
837 2764 1010 2812 revertetur.
1061 2758 1144 2812 Idem
1168 2776 1240 2813 vero
1263 2757 1418 2813 walterus

360 2846 390 2892 et
407 2857 479 2892 uxor
492 2840 555 2910 ojus
571 2839 773 2909 jurameutum
788 2841 871 2895 nobis
890 2843 1091 2911 praestiteumt
1109 2841 1188 2913 quod
1206 2841 1308 2896 fideles
1328 2847 1420 2897 erunt

359 2922 491 2976 eeclesias
526 2928 643 2986 nostrm,
677 2930 707 2978 et
741 2925 867 2978 maxime
903 2924 939 2978 de
976 2924 1124 2980 reddendo
1159 2925 1278 2980 redditu
1314 2932 1419 2981 nostro

359 3006 489 3076 plenarie
517 3008 635 3062 statutis
660 3008 812 3073 terminis3
841 3014 871 3063 et
895 3008 973 3078 quod
998 3015 1163 3063 necantem
1188 3027 1242 3064 nec
1260 3009 1419 3079 ingenium

359 3090 522 3160 exquirent,
543 3091 620 3144 unde
638 3091 742 3146 domus
761 3097 860 3146 nostra
883 3110 937 3163 per
955 3099 1088 3147 tenuram
1108 3111 1191 3148 suam
1209 3093 1351 3147 damnum
1373 3093 1419 3148 in-

360 3180 467 3228 cmrot.
510 3173 573 3228 Nos
590 3191 661 3228 vero
681 3174 789 3229 dictam
808 3181 917 3229 terram
936 3176 1015 3231 dicto
1033 3177 1166 3231 Waltcro
1188 3183 1219 3231 et
1236 3177 1322 3231 uxori
1354 3196 1419 3232 sum

359 3265 421 3313 tota
438 3259 501 3312 vita
519 3258 649 3328 ipsorum
677 3266 778 3313 contra
796 3278 897 3314 omnes
923 3261 1055 3316 homines
1074 3268 1104 3315 ct
1125 3262 1261 3316 foeminas
1279 3262 1420 3317 waranti-

359 3343 500 3406 zabimusi,
532 3348 562 3396 et
591 3342 627 3395 do
658 3343 792 3396 omnibus
819 3344 907 3398 rebus
946 3345 1171 3414 aquietabimus.
1222 3345 1286 3416 Ipsi
1316 3352 1419 3401 autem

359 3427 471 3481 curiam
489 3433 620 3481 nostram
639 3425 674 3480 dc
694 3426 889 3496 Ullingewikc
905 3435 1074 3498 sequentur.
1109 3470 1113 3477 .

395 3511 431 3564 In
449 3510 532 3580 cujus
551 3511 594 3563 rei
613 3511 812 3564 testimonium
831 3529 958 3581 praesens
978 3513 1119 3582 scriptum
1144 3514 1175 3567 in
1193 3513 1313 3568 modum
1333 3532 1420 3585 cyro·

360 3595 465 3666 graphi
490 3595 654 3648 confectum
685 3600 739 3656 est,
772 3594 856 3664 cujus
881 3614 969 3650 unam
995 3602 1118 3667 partem,
1150 3597 1252 3667 sigillo
1280 3599 1420 3654 ecclesiae

359 3684 466 3734 nostrae
485 3678 638 3740 munitam,
664 3677 692 3730 ci
711 3677 906 3744 tradidimus3
927 3680 1049 3736 alteram
1079 3699 1151 3737 vero
1167 3686 1293 3753 partem,
1315 3683 1422 3754 sigillo

360 3780 461 3819 eorum
480 3762 634 3832 signatam,
654 3765 709 3816 etc.
873 3751 878 3762 ’

688 4031 856 4097 DOXXV.
881 4031 1071 4100 Decedam.

193 4219 260 4268 AJ),
276 4226 338 4271 1263
397 4207 499 4263 Sciant
516 4208 674 4276 praesentes
693 4208 723 4256 et
742 4202 843 4265 futuri,
857 4203 935 4272 qnod
948 4221 1003 4274 ego
1016 4205 1210 4261 Eustachine¹
1230 4207 1267 4263 de
1280 4209 1421 4281 Wytten·

193 4291 283 4337 -1284,
361 4309 424 4363 oye,
444 4291 539 4353 miles,
560 4288 637 4352 dedi,
664 4288 803 4352 concessi,
830 4288 930 4341 etheo
954 4291 1092 4358 praesenti
1116 4298 1198 4347 carta
1222 4311 1289 4348 mea
1314 4299 1424 4353 confir·

191 4364 282 4480 giuthe
360 4377 448 4439 mavi,
475 4392 528 4444 pro
554 4373 648 4427 salute
675 4371 779 4424 animm
806 4387 887 4433 mcae,
908 4373 1005 4426 uxoris
1033 4391 1115 4439 meae,
1136 4381 1166 4431 et
1193 4383 1422 4438 antecessorum

246 4448 266 4481 Θ.

367 4509 370 4512 .
490 4506 494 4509 ,
530 4503 600 4509 -,-.
619 4502 700 4507 7..---μ
716 4502 754 4506 .-.
766 4500 820 4506 Ἴ.---
836 4500 909 4506 —---.
946 4503 1168 4512 —q-a--
1187 4508 1224 4513 -.
1268 4510 1358 4519 .....--
1388 4515 1410 4520 ,-

394 4577 449 4626 ¹In
472 4577 515 4625 the
537 4575 654 4624 calendar
674 4573 703 4621 of
727 4572 858 4621 donations
909 4589 955 4636 eye.
985 4573 1049 4622 This
1061 4575 1162 4627 chartei
1173 4586 1424 4643 appearstobethe

359 4661 436 4721 (unte,
448 4656 497 4705 vol.
515 4656 531 4703 i.
553 4670 576 4717 p.
598 4656 657 4714 107)
681 4651 713 4700 he
732 4651 753 4700 is
776 4651 859 4713 styled
908 4652 1423 4727 semeineffeetnsNo.DCXX1.(um,

360 4736 496 4787 Eustaciua
507 4729 581 4792 miles,
592 4730 701 4780 dominus
711 4727 740 4778 dc
757 4727 857 4778 Wiucn·
905 4745 930 4794 p.
947 4734 1015 4793 120).
