3218 5640
365 792 428 856 166
640 803 887 854 onerommun
910 803 1118 854 nosssrssn

363 981 454 1035 nostri
482 980 612 1043 Roberti,
638 981 782 1050 quondum
807 979 1017 1034 Lincolniensis¹
1043 977 1183 1054 episcopi,
1211 992 1300 1047 super
1328 972 1412 1028 testi·

362 1065 459 1119 monio
478 1071 508 1119 et
525 1065 741 1119 confirmatione
760 1064 925 1118 donationis
944 1064 1075 1118 ecclesius
1093 1062 1129 1116 de
1146 1059 1367 1116 Wireeesburin
1382 1062 1414 1112 et

362 1148 494 1203 ecclesiae
523 1147 560 1202 do
590 1148 787 1203 Laverkestou
812 1166 884 1218 quus
903 1147 1066 1202 Robertus¹
1086 1146 1214 1208 Gernmr,
1235 1160 1358 1198 assensu
1383 1148 1414 1197 ct

363 1233 535 1288 auctoritate
553 1231 656 1302 ipsius,
671 1232 753 1287 dedit
770 1232 859 1287 Petro
878 1231 974 1286 abbati
993 1237 1024 1285 et
1040 1230 1189 1285 monechis
1203 1226 1409 1289 Gloucestriae3

361 1334 414 1373 nos
427 1318 515 1372 etium
528 1317 712 1371 donationem
730 1317 812 1371 illum
825 1316 1032 1378 concessimus,
1047 1321 1076 1370 et
1088 1315 1243 1385 praedictus
1262 1311 1414 1375 ecclesius,

363 1421 430 1458 cum
442 1403 575 1457 omnibus
587 1403 771 1473 pertinentiis
784 1402 854 1466 suis,
870 1401 1000 1456 ecclesiae
1014 1400 1114 1455 Sancti
1126 1399 1207 1453 Petri
1221 1396 1415 1452 Gloucestriae

362 1488 393 1542 in
423 1493 597 1559 perpetuum
622 1487 810 1558 possidendus
837 1487 975 1558 presenti
1003 1486 1113 1555 scripto
1140 1489 1170 1538 et
1196 1482 1290 1553 sigilli
1318 1478 1414 1536 nostri

362 1573 533 1628 auctoritato
552 1573 764 1627 confirmamus.

397 1657 510 1712 Vulctc.

716 1900 845 1966 DOCV.
869 1901 919 1964 Dc
942 1901 1060 1966 cedern.

193 2071 339 2123 A.D.1123
397 2061 567 2116 Venerabili
595 2061 711 2115 domino
732 2059 936 2130 AUexundro],
957 2059 1168 2115 Lincolnieusis
1196 2059 1328 2114 ecclesius
1355 2057 1418 2128 epi·

191 2145 283 2191 -1147,
362 2163 458 2216 scopo,
491 2145 662 2215 caeterisque
693 2144 809 2199 dilectis
840 2145 869 2197 in
901 2144 1019 2198 Christo
1050 2144 1190 2198 frutribus
1222 2142 1418 2197 ecelesiarum

193 2218 232 2269 Of
239 2220 282 2271 ¹¹¹0
361 2232 452 2285 totius
464 2229 590 2301 Angliae,
605 2236 665 2283 tum
684 2230 813 2299 praelutis
832 2246 919 2299 quum
939 2228 1073 2292 subditis,
1089 2227 1267 2292 Beruurdus,
1282 2225 1419 2281 ecclesias

193 2301 267 2337 me·
362 2314 462 2370 Sancti
481 2314 603 2370 Doridis
622 2314 755 2368 minister
773 2314 904 2376 humilis,
925 2314 1050 2368 sulutem
1067 2312 1099 2367 in
1117 2312 1252 2367 Domino.

397 2397 520 2453 eustati
538 2404 644 2453 vestrm
669 2403 771 2453 notum
799 2398 930 2463 facimus,
952 2404 982 2452 et
1009 2397 1079 2468 quia
1104 2396 1141 2451 ed
1166 2413 1296 2467 praesens
1325 2393 1420 2450 verbo

360 2500 418 2538 nou
443 2499 609 2554 possumus,
630 2483 739 2553 scripto
763 2487 915 2547 testamur,
941 2499 994 2536 nos
1021 2487 1182 2552 praesentes
1203 2480 1332 2543 affuisse,
1363 2478 1422 2534 hoe

361 2568 450 2623 etiem
467 2567 577 2622 vidisse
596 2572 626 2621 et
643 2567 769 2630 audisse,
790 2566 868 2637 quod
892 2565 1039 2621 Robertus
1059 2565 1179 2620 Gemun
1197 2564 1280 2620 dedit
1308 2564 1421 2619 Sancto

360 2651 459 2715 Petro,
480 2654 509 2704 et
526 2651 615 2705 Petro
633 2650 730 2705 abbati
749 2650 785 2705 de
805 2649 996 2714 Glouoestriu,
1011 2655 1041 2704 et
1059 2648 1208 2704 monachis
1227 2649 1303 2719 ejus,
1324 2645 1421 2702 eccle·

362 2736 435 2789 sinm
455 2736 490 2789 de
506 2735 734 2801 Wirecesburia,
754 2742 784 2790 et
801 2735 955 2790 ecclesiam
972 2733 1008 2788 de
1026 2732 1253 2797 Laverkestoke,
1273 2737 1304 2786 et
1321 2729 1424 2785 omniu

364 2836 429 2888 quae
448 2818 486 2871 ad
504 2818 621 2872 eosdem
640 2819 777 2874 ecclesius
796 2819 953 2889 pertinent,
973 2822 1004 2872 et
1021 2815 1177 2871 dimidium
1203 2813 1420 2880 molendinum,

363 2908 393 2955 et
411 2901 597 2956 medietatem
615 2908 701 2957 terrae
721 2922 785 2974 quae
804 2903 841 2957 ad
859 2902 933 2957 illud
951 2902 1087 2973 pertinet.
1109 2889 1191 2956 'Hoc
1210 2900 1332 2971 quidem
1344 2898 1424 2956 vidi-

362 3002 428 3038 mus
442 2995 471 3039 et
482 2991 634 3040 testamur.
667 2986 782 3042 Scimus
795 2987 884 3042 etiem
897 2986 975 3058 quod
993 3004 1044 3041 rex
1062 2987 1211 3041 Henricus
1231 2984 1424 3040 donationem

361 3068 444 3122 illum
463 3069 615 3133 concessit,
631 3076 660 3124 et
678 3077 759 3126 curte
777 3087 831 3126 sna
847 3071 1039 3126 confirmavit.
1076 3069 1215 3126 Vidimus
1229 3071 1319 3124 etium
1339 3067 1424 3140 quod

362 3151 480 3206 domine
497 3169 563 3207 meu
580 3152 705 3208 Metildu
731 3155 835 3225 regins
862 3155 959 3225 ipsum
986 3152 1147 3208 Robertunr
1174 3154 1296 3210 Gernun
1322 3169 1422 3224 nsque

362 3235 400 3291 ad
418 3237 509 3291 altere
530 3237 629 3292 Sancti
647 3238 729 3293 Petri
749 3239 937 3294 Gloeeestriae
964 3238 1111 3303 conduxit,
1132 3239 1184 3293 ubi
1202 3239 1277 3309 ipse,
1304 3243 1422 3297 autunto

362 3321 473 3391 regina,
488 3321 679 3392 pluribusque
698 3323 773 3389 aliis,
788 3341 841 3394 per
853 3322 1007 3378 cultellum
1019 3340 1108 3393 super
1120 3323 1212 3378 altine
1231 3320 1424 3378 donationem

361 3405 444 3460 illum
462 3406 652 3462 confirmavit.

714 3608 864 3678 DCCVI.
888 3609 937 3678 Dc
959 3613 1077 3680 codem.

400 3769 543 3840 Quoniam
561 3788 605 3836 eu,
626 3788 691 3842 queo
710 3773 747 3826 ud
765 3773 923 3828 utilitatem
944 3773 1075 3830 ecclesius
1095 3779 1238 3846 spectant,
1259 3774 1426 3847 diligenter

266 3892 272 3906 .
363 3857 517 3927 providere
543 3861 574 3909 et
598 3854 753 3911 efficaciter
780 3857 912 3927 implere,
942 3856 1054 3913 creditu
1078 3859 1163 3913 nobis
1189 3859 1425 3929 dispensatione,

364 3939 512 4003 debemus,
541 3940 607 3994 ideo
635 3958 690 4010 ego
715 3939 832 4004 Duvid,'²
858 3941 1084 4012 Bnginghumiae
1112 3943 1168 3996 Dei
1196 3944 1295 4013 gretie
1325 3945 1426 3999 urchi·

364 4023 512 4087 diaconus,
533 4029 594 4077 tum
612 4024 749 4093 praesenti
768 4023 848 4078 retati
868 4043 955 4094 quum
975 4026 1080 4080 suturae
1099 4027 1263 4097 posteritati
1286 4029 1368 4099 quod
1387 4029 1426 4084 dc

364 4125 452 4161 ceusu
479 4106 591 4161 abbatis
610 4117 639 4160 et
657 4107 864 4161 monachorum
884 4108 1075 4164 Gloucestrius
1094 4110 1303 4181 inpraesentia
1320 4119 1429 4168 nostru

365 4199 462 4246 actum
480 4197 525 4245 est
543 4190 579 4244 de
598 4191 729 4245 ecclesiis
749 4191 784 4245 dc
803 4191 1012 4247 Wirecesbiria
1037 4199 1067 4247 et
1091 4193 1261 4266 Laugeleyu
1279 4197 1427 4266 proesenti

366 4276 475 4345 scripto
494 4274 644 4329 notificare
663 4275 774 4329 curavi.

398 4519 404 4547 ¹
423 4516 462 4566 del
471 4517 493 4567 is
504 4517 614 4568 inserted
624 4517 651 4567 in
663 4518 706 4569 the
713 4519 769 4571 MS.
779 4521 865 4571 before
887 4522 890 4556 Ι
914 4521 980 4582 hum,
992 4521 1050 4572 held
1067 4524 1122 4573 that
1139 4524 1238 4591 dignity
1249 4524 1277 4575 iu
1289 4527 1333 4578 the
1352 4545 1431 4594 years

367 4597 477 4658 Gerous,
488 4597 534 4646 but
551 4598 612 4646 with
632 4599 674 4648 the
694 4599 751 4664 sign
768 4600 797 4647 of
810 4615 861 4649 ora·
918 4603 1430 4673 1145and1171(Leneve’sFasti,vol.

365 4693 428 4725 sor.
935 4715 941 4729 .
970 4717 976 4728 .
1008 4684 1043 4730 “.

398 4694 864 4822 ²⁰navin,arendeacouof13ucking·
913 4693 933 4728 ²¹
952 4695 968 4742 1³
990 4684 1034 4745 6⁴)
