3218 5640
370 789 433 850 188
651 801 898 853 cnsuuusnmu
919 804 1131 853 nonssnsnn

335 957 336 960 Ἰ
366 973 455 1045 primi
480 973 545 1027 inde
575 975 745 1039 conlectam,
766 980 796 1030 et
814 975 998 1045 juratoribus
1024 975 1173 1048 praedictis
1200 976 1232 1030 in
1259 973 1418 1031 evidentiis

366 1065 522 1120 ostensam,
542 1057 656 1128 plenius
674 1065 804 1129 apparet.

401 1141 440 1196 Et
458 1141 536 1210 quod
560 1147 690 1195 tenentos
715 1142 849 1213 praedicti
875 1142 988 1198 abbatis
1012 1143 1135 1198 manerii
1154 1143 1201 1198 sui
1219 1142 1255 1197 de
1273 1142 1417 1198 Ruddille

364 1225 505 1295 proedicta
520 1223 636 1287 babent,
651 1225 728 1280 etde
743 1226 811 1295 jure
824 1226 930 1280 habere
943 1227 1058 1291 debent,
1073 1228 1269 1282 communiam
1285 1233 1417 1298 passure

365 1326 418 1378 pro
436 1309 543 1362 averiis
562 1309 623 1363 suis
642 1309 769 1364 indicta
787 1311 895 1365 foresta
912 1311 949 1366 de
967 1311 1076 1366 Deane.

697 1589 858 1656 DCCXL
883 1586 933 1655 De
956 1588 1100 1654 albatia.

194 1770 264 1823 AD.
278 1777 342 1823 1148
402 1762 596 1834 Sthephanus,
616 1781 667 1817 rex
679 1762 806 1833 Angliae‚
826 1763 1063 1835 archiepiscopis,
1079 1764 1232 1835 episcopis,
1248 1761 1417 1828 abbatibus,

196 1842 288 1889 4154.

197 1916 236 1968 Of
242 1917 286 1968 the

194 1984 285 2049 sbbey.

195 2063 214 2114 f.
229 2068 285 2116 181.

365 1848 530 1910 comitibus,
546 1847 732 1915 justiciariis,
760 1847 992 1911 vicecomitibus,
1011 1848 1180 1911 baronibus,
1208 1846 1366 1910 ministris,
1386 1852 1419 1902 et

364 1931 499 1985 omnibns
526 1930 662 1985 fidelibus
692 1932 764 1994 suis,
796 1930 918 1985 Francis
955 1938 985 1985 ct
1014 1931 1131 2002 Anglis,
1163 1931 1254 1986 totius
1284 1928 1417 2000 Angue,

364 2015 500 2069 salutem.

400 2097 507 2153 Sciatis
533 2115 581 2151 me
606 2097 722 2151 dedisse
751 2104 781 2152 et
806 2099 987 2153 concessisse
1007 2097 1175 2160 Hemelino,
1205 2096 1304 2152 abbati
1325 2096 1418 2152 Glon·

363 2182 488 2244 cestriae,
509 2181 656 2235 abbatiam
674 2180 711 2234 de
730 2179 916 2236 Gloucestria
934 2182 965 2236 in
991 2182 1192 2236 elemosinam.
1231 2179 1330 2248 Quare
1347 2180 1418 2235 volo

363 2272 394 2320 ct
418 2265 567 2336 proecipio,
588 2264 666 2335 quod
692 2265 775 2328 bene,
796 2271 826 2320 et
853 2266 883 2318 in
909 2283 989 2336 pace,
1010 2271 1041 2320 ct
1064 2265 1167 2328 libere,
1195 2271 1225 2319 et
1254 2265 1365 2335 quiete,
1386 2270 1419 2320 et

364 2350 530 2411 honorifice,
550 2349 632 2403 illam
657 2354 757 2403 teneat
780 2348 810 2402 in
836 2350 934 2412 terris,
954 2356 984 2403 et
1010 2350 1042 2402 in
1060 2347 1197 2402 omnibus
1216 2348 1317 2413 rebus,
1337 2347 1419 2403 sicut

363 2433 470 2502 aliquis
488 2433 576 2486 abbas
595 2439 662 2485 ante
681 2449 748 2485 eum
766 2432 873 2486 melius
892 2439 922 2486 et
939 2432 1061 2486 liberius
1080 2433 1185 2496 tenuit,
1206 2450 1273 2486 cum
1292 2449 1371 2497 sees,
1386 2436 1419 2486 et

367 2535 444 2581 soca,
471 2526 501 2571 et
525 2517 617 2578 tollio‚
638 2522 668 2570 et
696 2516 805 2579 theam,
825 2523 856 2571 et
881 2515 1113 2589 infangenepoel,
1134 2524 1165 2570 et
1191 2534 1258 2570 cum
1277 2514 1418 2571 omnibns

363 2601 428 2656 eliis
447 2601 548 2654 liberis
561 2599 819 2655 consuctudinibus
833 2600 928 2654 eidem
940 2599 1063 2654 abbatiae
1081 2599 1307 2671 pertinentibus.
1345 2599 1419 2655 Hiis

363 2685 497 2740 testibus.

695 2946 876 3012 DCCXLI.
900 2945 1076 3012 Abunde

192 3152 263 3205 AD.
276 3157 339 3204 1227
400 3139 515 3196 Sciant¹
534 3146 693 3211 praesentes
712 3147 741 3194 et
758 3141 859 3203 futuri,
880 3140 956 3211 qnod
976 3158 1032 3212 ego
1049 3140 1223 3212 Radulphus
1241 3140 1279 3195 de
1297 3139 1422 3195 Wfflin.

192 3224 285 3271 -ms,

362 3229 440 3288 tone,
460 3241 581 3279 assensu
599 3231 630 3278 et
640 3225 790 3278 voluntate
811 3234 841 3278 ct
858 3225 998 3294 petitione
1017 3223 1192 3296 Olimpiedis
1209 3223 1310 3278 uxoris
1329 3241 1418 3288 meoe,

196 3297 326 3414 fflbbl·
363 3307 432 3362 dedi
450 3315 481 3364 et
497 3308 637 3371 concessi,
656 3326 710 3378 pro
728 3306 823 3362 salute
842 3309 946 3360 animm
964 3325 1047 3371 mese,
1067 3315 1097 3362 et
1115 3309 1221 3362 animae
1236 3306 1419 3378 Olimpiadia

363 3394 463 3447 uxoris
481 3410 564 3457 meae,
585 3397 615 3446 et
632 3389 782 3444 baeredum
802 3407 944 3453 meorum,
964 3391 1062 3445 abbati
1080 3399 1111 3444 et
1134 3390 1292 3445 conventui
1312 3390 1419 3445 Sancti

363 3475 445 3530 Petri
473 3474 675 3536 Gloucestriae,
702 3479 794 3527 totam
821 3479 930 3526 terrum
957 3491 1045 3543 quam
1069 3473 1158 3527 hebui
1186 3474 1263 3527 infra
1287 3473 1419 3528 oronam

364 3558 496 3629 ejusdem
516 3557 629 3613 abbatis
647 3565 677 3611 ct
694 3562 853 3610 conventus
872 3564 950 3609 retro
968 3557 1079 3611 curiam
1098 3574 1183 3610 suam
1200 3556 1237 3610 de
1255 3555 1417 3621 Abbilsde,

363 3643 503 3697 videlicet
521 3659 572 3696 sex
590 3641 742 3703 selliones3
765 3638 919 3692 tenendam
945 3639 981 3693 de
1008 3657 1056 3692 me
1083 3646 1113 3693 et
1137 3639 1306 3694 haeredibus
1325 3640 1416 3705 meis,

365 3727 397 3781 in
430 3726 564 3789 liberam,
600 3741 712 3795 puram,
748 3732 778 3777 et
813 3730 985 3793 perpetuam
1013 3722 1211 3786 elemosinam,
1250 3722 1347 3778 libere
1384 3729 1419 3778 et

363 3811 462 3881 quiete
487 3810 523 3863 ab
550 3808 629 3862 omni
656 3807 804 3860 exactione
833 3812 863 3859 et
897 3806 1018 3860 servitio
1048 3806 1192 3859 soeculari.
1238 3806 1305 3877 Ego
1335 3822 1413 3861 vcro

361 3893 533 3964 Radnlphus
559 3895 589 3945 et
606 3890 748 3960 Olimpiss
775 3907 847 3942 uxor
863 3906 929 3942 mea
956 3896 986 3943 et
1003 3888 1134 3943 haeredes
1152 3891 1210 3943 mci
1229 3889 1408 3959 praedictam

359 3983 470 4032 terram
487 3975 636 4047 praedictis
655 3973 752 4026 abbati
771 3977 800 4025 et
816 3973 972 4026 conventui
985 3971 1177 4026 Gloucestriae
1196 3981 1297 4027 contra
1309 3990 1417 4030 omncs

360 4060 493 4114 homines
524 4064 553 4113 et
585 4057 719 4111 foeminas
749 4055 1010 4117 warantizabimus,
1042 4062 1073 4109 et
1097 4056 1134 4108 de
1163 4055 1258 4125 regali
1289 4056 1418 4112 servitio

361 4144 585 4215 aquietabimus.
621 4140 705 4208 Quod
724 4139 792 4208 quia
817 4144 912 4191 iatum
931 4145 960 4192 et
986 4139 1092 4192 stabile
1117 4155 1183 4192 esse
1201 4139 1269 4192 volo
1293 4139 1328 4193 in
1347 4157 1419 4210 per·

361 4240 494 4298 petunm,
508 4225 647 4298 praesenti
665 4229 753 4287 carta,
774 4221 873 4291 sigillo
885 4239 950 4276 meo
969 4223 1112 4286 roborata,
1127 4220 1308 4276 confirmavi.
1342 4223 1418 4280 Hiis

358 4312 495 4365 testibus.

396 4564 404 4594 ¹
423 4564 454 4612 ln
476 4563 519 4611 the
541 4562 660 4611 cnlendsr
679 4561 710 4610 of
728 4560 859 4609 donatione
908 4574 971 4623 yesi·
993 4559 1023 4609 of
1040 4559 1084 4608 the
1106 4559 1179 4623 reign
1198 4559 1229 4608 ol
1242 4557 1336 4623 fleury
1355 4559 1422 4623 m,

361 4644 440 4704 (anu,
458 4642 508 4690 vol.
527 4640 545 4688 i.
564 4656 590 4704 p.
610 4643 655 4703 59)
674 4639 725 4689 this
744 4648 819 4703 grant
836 4638 859 4686 is
910 4639 1003 4703 during
1013 4638 1057 4687 the
1068 4638 1165 4701 abbncy
1177 4637 1208 4687 of
1225 4637 1425 4691 Tumulus·

359 4716 860 4773 nidtobsvcbeenmdcintbetweltlb
910 4718 968 4767 don.
