3218 5640
411 774 453 836 60
697 783 942 834 cssuunssmu
964 781 1173 832 iiosssrssn

411 960 484 1014 dire.
535 959 739 1015 Concessimus
769 966 799 1014 et
829 959 986 1030 episcopali
1021 959 1193 1015 auctoritate
1224 957 1279 1012 sub
1308 955 1463 1028 praesentis

413 1045 514 1116 scripti
534 1045 700 1100 testimonio
727 1051 757 1099 et
780 1044 871 1115 sigilli
896 1044 987 1100 nostri
1007 1043 1196 1115 impressione
1215 1041 1462 1104 confirmavimus,

413 1130 495 1184 salve
512 1129 543 1183 iu
557 1129 691 1184 omnibus
710 1128 908 1183 Lundsvensis
927 1128 1058 1183 ecclesioe
1070 1128 1224 1199 dignitate,
1239 1132 1269 1182 et
1281 1127 1462 1182 vicariorum

413 1215 444 1268 in
463 1214 505 1269 eis
523 1213 752 1270 ministrantium
769 1214 904 1269 honestus
921 1213 1155 1269 sustentationes.
1192 1211 1262 1267 Hiis
1280 1210 1418 1267 testibus.

748 1485 915 1551 DXXIII.
939 1485 987 1551 Dc
1009 1485 1127 1554 eodevre

246 1648 315 1701 An.
330 1657 392 1702 1219
449 1646 602 1703 Universis
622 1645 732 1702 Christi
751 1647 885 1702 fidelibus
905 1648 942 1702 ad
963 1666 1036 1718 quos
1053 1665 1183 1719 praesens
1201 1646 1344 1720 scriptum
1362 1664 1465 1719 perve-

245 1717 336 1768 ·¹²3⁰·
414 1732 499 1796 norit,
520 1731 696 1795 WillelmuS,
717 1730 773 1785 Dei
799 1732 896 1802 gratie
920 1731 1117 1788 Lendsvensis
1145 1731 1309 1803 episcopus,
1338 1731 1465 1788 sulutem

247 1796 335 1848 ⁰f¹¹¹⁰
414 1816 444 1870 in
463 1816 597 1871 Domino.

246 1879 321 1915 ΜΘ·
447 1899 574 1954 Noverit
591 1900 767 1955 universitas
786 1906 885 1955 vestre
903 1901 980 1972 quod
998 1919 1060 1966 nos,
1080 1900 1186 1956 divinae
1206 1900 1323 1972 pietatis
1342 1901 1463 1966 intuitu,

416 1981 563 2055 [assensu]
577 1985 667 2039 totius
680 1984 802 2055 capituli
815 1985 915 2050 nostri,
932 1985 1018 2055 juxte
1035 1991 1165 2040 tenorem
1184 1990 1272 2041 certes
1284 1985 1465 2042 venerabilis

413 2068 635 2139 praedecessoris
663 2069 756 2123 nostri
774 2069 897 2124 Henrici
925 2069 1071 2139 quondam
1097 2067 1295 2125 Lendovensis
1322 2070 1464 2142 episcopi,

415 2171 503 2223 quam
520 2152 709 2223 inspeximus,
731 2153 883 2207 ecelesiam
903 2153 1003 2208 Sancti
1023 2152 1148 2208 Gundlei
1175 2153 1212 2208 de
1236 2153 1322 2209 Novo
1350 2154 1464 2226 Burgo,
1550 2176 1552 2179 ·

414 2256 480 2292 cum
494 2237 623 2308 capellis,
635 2237 732 2301 terris,
747 2237 878 2302 decimis,
893 2238 1091 2308 proventibus,
1105 2243 1135 2293 et
1146 2238 1281 2293 omnibus
1292 2239 1331 2293 ed
1342 2239 1467 2294 eundem

413 2322 635 2392 pertinentibus,
656 2321 772 2376 dilectis
798 2321 868 2376 filiis
894 2322 992 2376 abbati
1018 2328 1048 2376 ct
1072 2321 1227 2377 conventui
1254 2321 1355 2378 Sancti
1381 2322 1466 2378 Petri

414 2406 605 2461 Gloucestriae
623 2405 820 2460 concessimus
839 2412 868 2460 et
886 2405 1157 2472 confirmavimus¹3
1177 2406 1340 2462 habendam
1358 2412 1389 2462 et
1400 2424 1467 2478 pes·

414 2490 563 2544 sidendum
581 2489 683 2554 libere,
704 2489 812 2560 quiete,
832 2494 863 2544 et
880 2489 1009 2560 pacifice,
1022 2489 1054 2544 in
1071 2490 1204 2562 proprios
1223 2508 1293 2546 usus
1311 2490 1344 2545 in
1361 2508 1467 2562 perpe·

414 2579 516 2639 tnum;
544 2573 625 2628 selvo
652 2574 683 2627 in
708 2573 841 2629 omnibus
864 2573 933 2644 jure
951 2573 1149 2630 Lunduveusis
1168 2575 1308 2640 ecclesie,
1335 2580 1366 2631 et
1384 2575 1468 2632 salvs

414 2656 591 2728 competenti
609 2656 727 2713 vicarie.

452 2740 535 2809 Quod
554 2741 631 2814 quia,
652 2747 706 2798 ete.

756 3006 914 3075 DXXIV.
938 3010 987 3076 De
1010 3008 1129 3077 eodem.

246 3166 314 3220 M)-
330 3177 392 3222 1219
451 3174 604 3232 Universis
623 3172 735 3231 Christi
765 3176 900 3231 fidelibus
927 3175 964 3231 ud
992 3195 1064 3247 quos
1092 3193 1219 3248 praesens
1238 3174 1381 3248 scriptum
1399 3195 1466 3250 per·

245 3243 336 3289 ⁴²³⁰·
417 3260 537 3324 venerit,
557 3259 734 3324 Willelmns,
755 3259 811 3314 Dei
835 3260 932 3331 gretie
956 3260 1154 3317 Lsndevensis
1181 3259 1312 3316 eoclesiae
1330 3260 1468 3319 minister

246 3318 333 3369 ΟΜ
415 3344 545 3408 humilis,
566 3343 691 3399 sulutem
709 3344 741 3398 in
759 3343 894 3400 Domino.

244 3400 323 3518 {⁸³¹3ss
450 3429 575 3485 Noverit
592 3423 769 3484 universitas
787 3434 886 3484 vestre
903 3446 965 3494 nos,
985 3427 1092 3484 divium
1110 3428 1227 3501 pietatis
1245 3428 1363 3494 intuitu,
1379 3429 1468 3502 juxis

326 3503 332 3515 ⁶
413 3519 545 3570 tenorem
564 3517 652 3568 cartre
676 3511 852 3567 venerabilis
879 3512 1101 3583 praedeeessoris
1124 3513 1216 3569 nostri
1235 3512 1356 3569 Henrioi
1376 3533 1468 3586 quon·

414 3599 481 3653 dum
500 3596 700 3652 Lendevonsis
719 3596 856 3668 episcopi,
878 3598 1063 3653 confirmasse
1088 3597 1203 3654 dilectis
1227 3597 1295 3652 filiis
1313 3597 1413 3654 abbati
1438 3605 1469 3655 et

413 3681 569 3738 conventui
590 3680 688 3736 Sancti
714 3680 798 3737 Petri
824 3680 1017 3737 Gleucestrioe
1045 3699 1144 3737 omnes
1171 3681 1310 3737 ecclesius
1336 3699 1412 3753 quas
1436 3683 1468 3737 in

414 3765 542 3839 dyoeoosi
560 3770 660 3821 nostru
677 3765 784 3820 hebere
795 3772 963 3831 noscuntur,
978 3765 1184 3823 convertendas
1201 3766 1232 3821 in
1249 3766 1383 3839 proprios
1396 3784 1468 3822 usus

414 3870 481 3907 oum
509 3868 558 3905 eus
585 3867 690 3905 vacere
716 3848 882 3920 contigerit,
910 3855 940 3905 et
965 3850 1153 3920 possidendus
1179 3849 1280 3915 libere,
1307 3851 1417 3922 quiete,
1437 3856 1469 3906 et

414 3936 545 4006 pacifice,
565 3953 633 3989 cum
658 3933 788 4004 capellis,
808 3934 906 3998 terris,
927 3933 1058 3998 decimis,
1086 3940 1115 3989 et
1140 3933 1273 3989 omnibus
1290 3934 1358 3990 aliis
1376 3933 1467 4006 perti·

415 4020 522 4074 nentiis
547 4019 628 4084 suis;
655 4017 736 4074 selvo
763 4017 794 4071 in
817 4016 952 4072 omnibus
972 4017 1040 4088 jure
1059 4016 1256 4073 Lundevensis
1274 4016 1418 4086 ecclesius,
1437 4024 1469 4074 et

416 4103 506 4158 solvis
525 4102 756 4175 competentibus
774 4101 893 4157 vicuriis
911 4102 942 4156 in
960 4102 1080 4157 eisdem.

453 4186 537 4256 Quod
563 4189 632 4259 quis
656 4193 753 4244 ratum
778 4205 842 4243 esse
872 4188 1018 4253 volumus,
1045 4204 1173 4258 praesens
1199 4185 1341 4258 scriptum
1366 4185 1469 4259 sigillo

417 4278 518 4329 nostro
536 4273 681 4327 munitum
700 4271 743 4327 eis
763 4271 946 4327 tradidimus.

520 4556 527 4585 ¹
545 4553 749 4619 corfirmuvimus]
770 4549 826 4603 The
837 4552 863 4602 vi
873 4550 899 4602 in
911 4551 961 4603 this
971 4553 1040 4603 vord
1051 4553 1074 4601 is
1085 4549 1218 4603 interlined
1229 4550 1255 4602 iu
1267 4549 1311 4601 the
1321 4547 1379 4602 Ms.
