3218 5640
417 802 460 863 82
706 811 956 863 csnrnmmcu
978 812 1190 863 nonrsrnmr

720 1105 843 1177 DLXI.
867 1112 917 1177 Dc
939 1108 1153 1178 Rieindoec.¹

256 1279 386 1330 OfRisin·
457 1274 567 1331 Notum
598 1274 637 1330 sit
662 1277 806 1342 omnibns,
834 1274 911 1348 quod
937 1296 992 1349 ego
1021 1273 1170 1331 Gilbcrtus
1198 1275 1234 1331 de
1262 1272 1425 1332 Risindona
1442 1282 1475 1331 ct

254 1349 326 1397 ⁶⁰³⁹·
422 1360 525 1415 limma
544 1378 706 1427 mermes,
728 1361 927 1417 concessimus
946 1361 1063 1416 domino
1080 1360 1200 1416 Thomae
1218 1359 1314 1416 ebbati
1333 1365 1364 1416 et
1382 1358 1476 1416 eccle-

423 1442 473 1499 sim
493 1443 592 1499 Sancti
618 1442 699 1499 Petri
728 1445 927 1509 Gloucestriae,
954 1453 1069 1516 pratum
1094 1452 1225 1501 nostrum
1244 1443 1275 1500 in
1292 1440 1474 1508 Risindone;

422 1527 496 1583 illud
518 1527 655 1583 videlicet
681 1529 759 1600 quod
785 1529 919 1584 Andreas
945 1526 980 1585 de
1009 1530 1096 1585 Cotes
1132 1529 1214 1585 dedit
1238 1525 1334 1584 eidem
1359 1528 1475 1584 Emmee

421 1613 504 1668 uxori
523 1631 595 1668 meae
614 1614 645 1667 in
663 1613 897 1680 matrimonium
918 1614 1075 1669 tenendum
1094 1615 1233 1686 quamdiu
1252 1631 1307 1686 ego
1321 1611 1475 1669 Gilbertus

421 1703 452 1752 et
469 1695 610 1768 praedicta
627 1697 732 1752 Emma
749 1716 822 1752 uxor
840 1717 906 1752 mcc
923 1696 1093 1764 vixerimus,
1118 1717 1172 1769 pro
1191 1705 1303 1770 septem
1322 1695 1427 1754 solidis
1446 1702 1478 1752 et

422 1799 480 1837 uno
510 1799 595 1836 caseo
624 1782 708 1836 nobis
739 1782 866 1853 singulis
894 1782 976 1836 annis
1002 1782 1040 1837 ad
1066 1780 1174 1837 festum
1200 1781 1300 1837 Sancti
1331 1780 1478 1836 Johannis

422 1865 564 1936 Baptistee
583 1863 793 1936 persolvendis.
831 1864 871 1920 Et
888 1883 941 1937 pro
958 1866 1014 1920 hac
1033 1864 1218 1922 concessione
1231 1862 1372 1936 praelatus
1385 1864 1478 1920 abbas

422 1947 505 2006 dedit
520 1949 604 2004 nobis
616 1949 647 2004 in
664 1949 802 2021 ingressu
821 1961 946 2020 quatuor
964 1948 1081 2004 solidos.

458 2032 542 2103 Quod
560 2040 594 2089 ut
611 2039 708 2089 retum
726 2039 757 2089 ct
774 2031 977 2088 inconvulsum
1002 2039 1181 2104 permaneat,
1200 2030 1339 2105 prasenti
1366 2033 1480 2104 scripto

423 2117 516 2188 sigilli
534 2117 627 2174 nostri
646 2113 838 2188 impressione
857 2117 970 2172 munito
989 2116 1203 2173 confirmamus.
1243 2116 1312 2172 Hiis
1330 2116 1469 2173 testibus.

514 2403 654 2468 DLXH.
679 2404 728 2467 Dc
754 2409 853 2488 prole
882 2401 1120 2468 cyrchidioconi
1145 2402 1367 2470 Glocceetrice.

256 2573 411 2629 A.D.1248.
461 2581 580 2637 Sciant²
598 2589 758 2652 praesentes
777 2587 807 2636 ct
825 2581 927 2645 futuri,
948 2581 1026 2652 quod
1050 2599 1118 2635 cum
1141 2587 1220 2636 esset
1237 2581 1380 2652 placitum
1399 2580 1480 2636 inter

259 2654 346 2703 Orthe
424 2666 575 2721 dominum
593 2665 771 2720 chricnm³
790 2666 925 2720 abbatom
939 2664 1133 2720 Glonccstrioe
1152 2671 1300 2737 petentem
1319 2670 1350 2719 et
1367 2664 1481 2718 Manri-

256 2721 373 2838 3Qn‚⁸
425 2749 521 2804 cinm⁴
535 2749 680 2818 quondam
693 2749 931 2804 archidiaconum
944 2747 1136 2804 Gloucestriae
1147 2749 1357 2804 deforcisntem
1369 2748 1481 2820 viginti

256 2856 368 2904 ,Μῶν
384 2856 411 2904 in
425 2851 507 2888 noras
526 2833 602 2903 prati
627 2851 695 2887 cum
720 2833 914 2904 pertinentiis,
935 2850 1007 2903 quas
1036 2833 1114 2887 idom
1133 2833 1249 2888 dicebat
1265 2833 1416 2904 pertinere
1442 2831 1510 2911 ad·

257 2919 412 2973 Gloucestcr.
425 2916 589 2972 manerium
619 2933 706 2971 suum
733 2916 768 2971 do
795 2917 990 2988 Maycsmora‚
1011 2921 1040 2971 et
1064 2935 1153 2988 snper
1177 2919 1232 2972 hoo
1258 2916 1371 2972 diutius
1399 2922 1482 2972 esset

425 3018 612 3072 processum
638 2999 756 3054 tandem
785 3001 860 3055 inter
886 3017 1070 3056 successores
1096 3018 1208 3065 corum,
1236 3001 1378 3055 videlicet
1401 2992 1494 3056 inter'

425 3085 575 3140 dominnm
588 3084 608 3138 J
609 3085 769 3139 ohannem⁵
781 3086 915 3141 abbatem
935 3092 965 3141 et
976 3092 1153 3141 conventum
1173 3085 1273 3141 Sancti
1291 3085 1373 3140 Petri
1387 3083 1481 3140 Glon·

423 3169 548 3233 cestriae,
562 3173 592 3222 et
604 3169 780 3238 magistrum
793 3169 953 3223 Thomam⁶
970 3169 1208 3224 archidiaconum
1221 3168 1425 3231 Glouccstriae,
1441 3168 1480 3222 dc

422 3271 544 3307 assensu
561 3252 740 3307 venerabilis
765 3252 857 3323 patris
882 3252 994 3307 domini
1012 3253 1138 3307 Walteri
1157 3253 1193 3308 de
1217 3251 1385 3322 Gentilem,
1404 3252 1478 3322 Wy·

421 3336 587 3406 gorniensis
607 3337 745 3407 episcopi,
766 3337 878 3391 dictum
896 3336 1039 3407 placitum
1057 3337 1088 3391 in
1106 3337 1184 3392 hunc
1202 3336 1321 3391 modum
1339 3336 1481 3407 conquie-

421 3421 465 3476 vit
483 3438 557 3474 anuo
570 3421 688 3474 Domini
708 3421 867 3476 millesimo
886 3422 1089 3477 ducentesimo
1103 3420 1328 3493 quadragesimo
1341 3425 1448 3476 octavo
1459 3419 1480 3485 3⁷

420 3506 560 3561 videlicet
590 3505 668 3576 quod
698 3504 795 3560 dictus
832 3505 1054 3564 archidiaconus
1091 3506 1244 3570 concessit,
1282 3505 1410 3570 remisit,
1450 3512 1481 3561 ct

422 3590 535 3660 quietas
557 3588 704 3653 clamavit,
725 3595 790 3644 octo
808 3607 891 3644 acras
911 3589 983 3646 dicti
1002 3590 1089 3661 prati,
1105 3589 1141 3643 de
1155 3607 1186 3645 se
1200 3595 1230 3644 et
1254 3589 1478 3645 successoribus

422 3675 493 3738 suis,
514 3674 677 3745 pervisum
696 3673 839 3744 legalium
857 3675 989 3729 virorum
1008 3680 1203 3739 mensuratus,
1223 3674 1310 3729 dictis
1328 3673 1430 3730 abbati
1449 3682 1481 3730 et

422 3759 577 3813 conventui
597 3758 790 3813 Gloucestriae
809 3765 839 3813 ct
857 3776 958 3813 eorum
977 3759 1206 3823 successoribus,
1221 3759 1264 3814 ita
1281 3757 1361 3830 quod
1379 3759 1479 3814 dictus

422 3843 645 3897 archidiaconus
664 3843 713 3896 vol
732 3861 917 3898 successores
946 3843 992 3898 sui
1020 3844 1095 3898 nihil
1117 3843 1196 3914 juris
1222 3843 1253 3897 in
1278 3843 1393 3899 eisdem
1420 3845 1480 3899 sibi

423 3927 535 4003 possint
552 3926 718 3981 vendicare.
757 3928 815 3982 Pro
840 3928 895 3983 hac
923 3934 1021 3983 autem
1047 3927 1232 3983 concessione
1251 3932 1281 3982 ct
1299 3927 1403 3999 quieta
1419 3928 1480 3983 clu·

423 4011 549 4064 motione
580 4011 672 4065 iidem
703 4011 793 4066 abbas
823 4017 854 4065 et
880 4018 1042 4066 conventus
1071 4009 1262 4065 Gloncestriae
1287 4010 1478 4076 remiserunt,

423 4099 637 4158 concesserunt,
659 4099 689 4149 et
713 4094 846 4164 quietum
872 4095 1082 4160 clamaverunt,
1103 4094 1139 4149 de
1159 4112 1190 4150 se
1209 4099 1238 4148 et
1256 4095 1480 4150 successoribus

424 4179 495 4242 suis,
516 4180 594 4233 dicto
613 4178 817 4234 archidiacono
830 4183 860 4233 ct
879 4178 1097 4234 successoribus
1117 4179 1189 4244 suis,
1209 4184 1306 4234 totum
1323 4179 1480 4235 residuum

796 4347 904 4352 ...η-..-
910 4347 918 4351 .
925 4345 1126 4352 -....-----ι-.

458 4455 465 4485 ¹
485 4452 634 4521 Itisindcne]
655 4455 732 4506 ecdem
744 4454 771 4505 in
783 4455 840 4507 Me.
1009 4456 1019 4485 ⁴
1036 4455 1150 4506 Maurice
1162 4456 1193 4505 de
1204 4455 1327 4508 Arundcl

457 4536 468 4564 ²
484 4535 561 4593 Here,
571 4534 598 4582 in
608 4535 650 4584 the
661 4535 766 4601 margin,
778 4535 800 4585 is
815 4536 926 4585 inserted
1009 4539 1018 4566 ³
1036 4537 1104 4587 John
1116 4539 1147 4586 dc
1159 4537 1244 4587 Felde.

425 4614 452 4662 in
475 4629 491 4663 a
512 4615 575 4664 later
597 4613 663 4664 hand
686 4615 756 4664 Noto
779 4614 853 4674 tene3
876 4617 926 4664 und
1009 4616 1156 4676 ‘Thomas
1171 4630 1301 4668 successor
1317 4616 1348 4667 of
1363 4617 1483 4671 william

425 4692 503 4742 lower
513 4694 595 4750 down,
609 4692 677 4743 Cave
687 4693 716 4742 de
727 4710 846 4744 mensura.
976 4695 1070 4760 Lupus.

462 4771 472 4800 ⁸
488 4770 557 4822 Most
568 4773 689 4839 probably
700 4773 791 4838 Henry
803 4773 893 4824 Foliet.
1010 4776 1020 4804 '
1036 4774 1105 4826 Vide
1114 4782 1180 4838 aaa,
1189 4775 1239 4830 vol.
1250 4775 1267 4827 b
1279 4790 1303 4840 p.
1315 4780 1357 4827 80.
