3218 5640
508 817 533 865 S
556 818 658 867 mm
680 818 934 870 omnemne.

564 1127 669 1194 DXV.
692 1128 742 1195 Dc
757 1128 879 1195 codena

228 1286 401 1353 Xichclaus,
433 1289 489 1346 Dei
526 1292 625 1363 gratia
659 1291 859 1350 landavensis
894 1292 1059 1363 opiscopus,
1097 1290 1243 1344 universis
1257 1296 1324 1346 AJ).
1339 1302 1402 1348 1119

196 1371 314 1428 Sanctae
330 1373 472 1429 Ecclesia)
489 1373 634 1440 fideh'bus,
654 1376 780 1432 salutem
798 1384 828 1431 et
845 1375 1033 1431 dilectionem
1052 1375 1082 1428 in
1100 1373 1233 1428 Domino.
1256 1368 1346 1412 4159.

231 1455 317 1524 Quod
332 1476 353 1512 a
374 1457 535 1528 majoribus
558 1460 808 1526 aestimatione
835 1467 866 1515 et
887 1459 1005 1530 justitia
1022 1458 1159 1524 dictmte,
1178 1476 1243 1513 con·
1257 1448 1344 1499 ΜΘ

194 1545 333 1600 stitutum
344 1554 399 1612 cst,
418 1547 473 1603 hcc
491 1547 597 1604 merito
614 1560 712 1604 ratum
729 1549 837 1603 habere
856 1556 886 1604 ct
904 1549 1075 1604 confirmare
1093 1547 1242 1602 debemus.
1255 1530 1330 1566 me·

195 1628 281 1683 Unde
309 1636 357 1685 est
384 1632 463 1701 quod
489 1632 644 1688 ecclesiam
675 1633 774 1689 Sancti
805 1632 932 1688 Gundlei
958 1631 995 1686 de
1021 1631 1107 1687 Novo
1129 1631 1241 1702 Burgo,

194 1713 328 1769 ecclesiis
350 1714 438 1770 Beati
454 1715 537 1771 Petri
555 1716 592 1771 de
610 1716 797 1772 Gloucestria
815 1736 834 1771 a
851 1716 970 1771 domino
988 1723 1019 1770 ct
1045 1720 1128 1786 patre
1147 1721 1244 1770 nomo

193 1797 363 1854 heobaldo
380 1798 585 1856 Cmtuariensi
609 1802 829 1872 archiepiscopo
853 1800 1060 1872 adjudicatam,
1085 1817 1153 1855 cum
1182 1817 1242 1854 om·

194 1883 282 1938 mbos
310 1883 493 1953 pertinentiis
519 1885 591 1951 suis,
611 1896 752 1956 qnantum
778 1886 815 1939 ad
833 1903 886 1940 nos
905 1892 1026 1956 spectat,
1045 1883 1241 1939 concedimus.

195 1967 237 2021 Et
253 1972 288 2020 nt
306 1967 454 2037 judicium
480 1968 546 2034 hoc,
568 1969 616 2023 cui
643 1970 838 2034 interfuimus,
865 1977 895 2024 et
921 1976 1001 2023 recto
1023 1968 1102 2039 juris
1127 1968 1243 2022 tramite

195 2053 306 2106 fuctum
325 2071 390 2108 csse
408 2072 465 2108 non
482 2053 671 2126 ambigimus,
690 2054 837 2110 illibatum
856 2059 1033 2124 permaneat,
1053 2059 1243 2108 memoratam
1256 2054 1274 2110 f.
1289 2062 1342 2108 181.

193 2137 350 2191 ecclesiam
372 2137 472 2192 Sancti
493 2137 621 2193 Gundlei
649 2139 781 2194 ecclesie
800 2138 899 2193 Sancti
918 2138 1009 2203 Petri,
1038 2143 1069 2192 ct
1086 2137 1243 2192 Hamelino

192 2220 293 2275 ablati
310 2230 341 2277 et
356 2222 505 2278 monachis
524 2223 716 2280 Glaucestriae
739 2222 833 2294 sigilli
851 2222 944 2280 nostri
962 2221 1122 2280 munimine
1140 2221 1242 2281 confir·

195 2323 320 2362 numus.
355 2304 469 2364 Valetc.

551 2583 677 2649 DXVI.
699 2583 884 2654 Dccodcm.

230 2746 284 2815 Μ)
302 2747 359 2802 Dei
375 2747 474 2820 gratia
496 2748 695 2805 landavensis
718 2751 884 2822 episcopus,
903 2749 1039 2805 omnibus
1056 2747 1241 2821 parochianis
1255 2754 1324 2804 AD.
1338 2762 1409 2810 11⁴⁶.

192 2833 746 2890 rametamicisclericisetlaicisin
766 2834 896 2900 Christo,
915 2833 1343 2891 salutemetbenedicorce

192 2921 315 2976 m
1254 2917 1330 2955 nme.

228 3003 342 3060 Notum
358 3003 442 3058 vobis
460 3003 535 3058 facio
553 3003 781 3059 controversiam
799 3011 830 3058 et
847 3002 1149 3076 dissensionemque
1167 3005 1243 3060 inter

192 3089 353 3144 manchus
370 3088 578 3144 deBaaselech
596 3100 627 3143 et
643 3088 779 3144 Picotum
797 3089 978 3159 capellanum
995 3091 1096 3146 Sancti
1116 3090 1243 3145 Gundlei

191 3173 231 3228 de
248 3173 384 3229 terminia
401 3172 607 3244 parochiarum
624 3191 746 3228 suarum
772 3172 943 3239 habebatur,
962 3175 993 3228 in
1011 3175 1069 3229 mei
1087 3175 1243 3245 precenta

191 3259 381 3314 terminatam
406 3267 437 3314 et
463 3257 617 3312 diffinitam
642 3258 753 3324 fuisse3
778 3257 833 3313 hac
859 3259 997 3314 videlicet
1013 3259 1243 3315 consideratione

192 3342 275 3414 qnod
308 3342 423 3414 capella
452 3342 567 3398 Sancta
608 3342 757 3407 Gladewis
796 3362 885 3415 quam
920 3343 1120 3400 Laudomcrus
1154 3363 1242 3416 super

192 3429 318 3482 flurium
335 3427 433 3482 Ebcth
459 3426 624 3492 edificavit,
646 3437 676 3483 et
703 3446 803 3483 omnes
831 3428 952 3484 dcoimae
970 3429 1008 3483 ab
1032 3429 1134 3484 ecdem
1152 3430 1242 3483 fluvio

192 3530 290 3583 usque
316 3511 354 3566 ad
383 3512 506 3567 flurium
534 3511 651 3577 Uschae,
671 3521 701 3567 et
728 3532 746 3567 a
772 3514 904 3568 terminis
932 3521 1018 3567 terrae
1036 3513 1179 3568 Willclmi
1205 3512 1242 3566 de

192 3596 375 3652 Bercherola
403 3614 497 3668 usque
523 3597 561 3651 ad
591 3615 681 3662 mare,
708 3609 739 3653 et
762 3616 884 3668 corpora
912 3599 1010 3653 omnia
1038 3597 1242 3653 defunctorum

192 3682 326 3738 ccclesia
352 3680 452 3737 Sancti
477 3681 603 3738 Gundlei
629 3682 722 3737 libera
749 3692 780 3738 et
806 3684 906 3754 quieta
930 3693 1090 3738 remanent·
1125 3683 1164 3736 Et
1189 3682 1243 3736 illa

191 3767 309 3823 decima
333 3784 421 3837 quam
446 3767 647 3822 laudomerus
675 3784 710 3822 er
737 3767 795 3821 alia
813 3774 897 3838 parte
915 3767 1011 3823 Ebcth
1029 3767 1066 3820 de
1092 3775 1171 3822 terra
1189 3785 1242 3820 sua

191 3852 327 3908 oeclssiae
362 3851 462 3906 Sancti
499 3851 625 3906 Gundlei
661 3851 792 3917 dederat,
829 3852 962 3908 ecclesias
998 3852 1099 3907 Sancti
1136 3851 1240 3906 Basilii

190 3944 334 3994 remanet.

227 4021 366 4078 'recubus
395 4021 544 4076 Abraham
573 4019 724 4092 capellano
760 4021 899 4092 episcopi,
930 4020 1048 4076 Urbano
1079 4021 1239 4085 sacerdote,

191 4106 329 4164 Galirido
354 4105 506 4162 sacerdota
522 4112 628 4176 nepote
645 4107 784 4176 episcopi,
804 4112 834 4160 et
851 4106 993 4176 magistro
1012 4105 1155 4170 Johanne,
1174 4112 1240 4170 etc,

189 4196 273 4270 apud
292 4195 458 4251 Bassalech.
495 4195 535 4250 Et
551 4202 626 4250 teate
643 4201 706 4250 tcta
722 4193 833 4264 synodo
860 4192 939 4265 apud
965 4193 1144 4249 Iandaoiam
1166 4211 1242 4249 anno

189 4284 231 4339 ab
260 4280 464 4337 incarnatione
495 4279 614 4336 Domini
643 4279 800 4335 millesimo
829 4279 990 4335 centesimo
1014 4279 1242 4351 quadragesimo

411 4544 641 4552 .-—--·---—-·.---
660 4547 692 4551 .-.
703 4546 760 4551 .-.-
771 4545 936 4551 .-—..-..-—

228 4619 310 4688 ⁸³1]
328 4620 400 4672 Scin
412 4618 1216 4686 tis.,tuttntneyear11⁴⁶uhcismbintopo{111mum.
